@article{Abdullah2002,
author = {Abdullah, Mohd Syazwan and Benest, Ian and Evans, Andy and Kimble, Chris},
file = {:home/bhervy/.local/share/data/Mendeley Ltd./Mendeley Desktop/Downloaded/Abdullah et al. - 2002 - Knowledge Modelling Techniques for Developing Knowledge Management Systems 2 . Knowledge Management Systems.pdf:pdf},
isbn = {0954048865},
number = {September},
pages = {15--25},
title = {{Knowledge Modelling Techniques for Developing Knowledge Management Systems 2 . Knowledge Management Systems}},
year = {2002}
}
@article{Aces2004,
author = {Aces, Projet and Rennes, Inria},
file = {:home/bhervy/.local/share/data/Mendeley Ltd./Mendeley Desktop/Downloaded/Aces, Rennes - 2004 - Ubiquit\'{e} num\'{e}rique.pdf:pdf},
journal = {R\'{e}seaux},
pages = {1--38},
title = {{Ubiquit\'{e} num\'{e}rique}},
year = {2004}
}
@article{Actualit2011,
author = {Actualit, Accueil},
file = {:home/bhervy/.local/share/data/Mendeley Ltd./Mendeley Desktop/Downloaded/Actualit - 2011 - Rechercher Rechercher 12.6.pdf:pdf},
journal = {Search},
pages = {1--8},
title = {{Rechercher Rechercher 12.6.}},
year = {2011}
}
@inproceedings{Adiba1997,
address = {Toulous},
author = {Adiba, M and Lozano, R and Martin, H and Mocellin, F},
booktitle = {Database and Expert Systems Applications, 1997. Proceedings., Eighth International Workshop},
keywords = {STORM multimedia DBMS,client-server system,client-server systems,data modelling,data presentation,data storage,database querying,distributed databases,multimedia computing,multimedia data management,multimedia presentations,object-oriented database system,object-oriented databases,query language,query processing,reusable components,software reusability,structural temporal database system,temporal databases,video objects,visual databases},
pages = {106--111},
publisher = {IEEE},
title = {{Management of multimedia data using an object-oriented database system}},
url = {http://ieeexplore.ieee.org/xpls/abs\_all.jsp?arnumber=617245},
year = {1997}
}
@article{Adjeroh:1997:MDM:614655.614790,
address = {Los Alamitos, CA, USA},
author = {Adjeroh, Donald A and Nwosu, Kingsley C},
doi = {10.1109/93.621580},
issn = {1070-986X},
journal = {IEEE MultiMedia},
keywords = {data model,database management systems,multimedia data,multimedia issues,multimedia presentation,multimedia retrieval,multimedia storage},
month = jul,
number = {3},
pages = {24--33},
publisher = {IEEE Computer Society Press},
title = {{Multimedia Database Management - Requirements and Issues}},
url = {http://dx.doi.org/10.1109/93.621580},
volume = {4},
year = {1997}
}
@article{Adonis2009,
author = {Adonis, Grand Equipement and Humaines, Sciences and Adonis, T G E and Web, A P I and Factory, Information and Suite, Finder},
file = {:home/bhervy/.local/share/data/Mendeley Ltd./Mendeley Desktop/Downloaded/Adonis et al. - 2009 - COntExtE Et ObjECtIfS.pdf:pdf},
title = {{COntExtE Et ObjECtIfS}},
year = {2009}
}
@article{Ahlemann2009,
author = {Ahlemann, F},
file = {:home/bhervy/.local/share/data/Mendeley Ltd./Mendeley Desktop/Downloaded/Ahlemann - 2009 - Towards a conceptual reference model for project management information systems.pdf:pdf},
journal = {International Journal of Project Management},
title = {{Towards a conceptual reference model for project management information systems}},
url = {http://www.sciencedirect.com/science/article/pii/S0263786308000240},
year = {2009}
}
@article{Ali2002,
author = {Ali, A Ait},
title = {{S\'{e}curit\'{e} pour l'informatique ambiante}},
url = {http://hal.inria.fr/view\_by\_stamp.php?label=INRIA-LORRAINE\&amp;action\_todo=view\&amp;langue=fr\&amp;id=inria-00100979\&amp;version=1},
year = {2002}
}
@article{Allinson2006,
author = {Allinson, Julie and Support, Digital Repositories},
file = {:home/bhervy/.local/share/data/Mendeley Ltd./Mendeley Desktop/Downloaded/Allinson, Support - 2006 - OAIS as a reference model for repositories.pdf:pdf},
journal = {Education},
pages = {1--17},
title = {{OAIS as a reference model for repositories}},
year = {2006}
}
@article{Altmanninger2009,
abstract = {A survey on model versioning approaches},
author = {Altmanninger, Kerstin and Seidl, Martina and Wimmer, Manuel},
doi = {10.1108/17440080910983556},
issn = {1744-0084},
journal = {International Journal of Web Information Systems},
keywords = {Information Management},
language = {en},
number = {3},
pages = {271--304},
publisher = {Emerald Group Publishing Limited},
title = {{A survey on model versioning approaches}},
url = {/journals.htm?issn=1744-0084\&volume=5\&issue=3\&articleid=1806332\&show=html},
volume = {5},
year = {2009}
}
@book{Altshuller1997,
author = {Altshuller, Genrich},
editor = {Shulyak, Lev and Rodman, Steven},
isbn = {0-9640740-3-6},
publisher = {Technical Innovation Center, Inc},
title = {{40 principles: TRIZ keys to innovation}},
url = {http://books.google.fr/books?hl=fr\&lr=\&id=mqlGEZgn5cwC\&oi=fnd\&pg=PA7\&dq=40+principles+triz+keys+to+technical+innovation\&ots=n8gmo9AmKw\&sig=dcAnSP8eC3ieHD1FhuvR2EcGxe0},
year = {1997}
}
@article{Amardeilh2007,
author = {Amardeilh, F},
title = {{Web S\'{e}mantique et Informatique Linguistique: propositions m\'{e}thodologiques et r\'{e}alisation d'une plateforme logicielle}},
url = {http://hal.archives-ouvertes.fr/tel-00146213/},
year = {2007}
}
@phdthesis{Ammar-Khodja2007,
author = {Ammar-Khodja, Samar},
file = {:home/bhervy/.local/share/data/Mendeley Ltd./Mendeley Desktop/Downloaded/Ammar-Khodja - 2007 - Processus d'aide \`{a} la sp\'{e}cification et \`{a} la v\'{e}rification d'application d'ing\'{e}nierie \`{a} base de connaissances expertes.pdf:pdf},
keywords = {Capitalisation des connaissances,Knowledge Management,MOKA,Mod\'{e}lisation des connaissances,PLM,Usinage},
mendeley-tags = {Capitalisation des connaissances,Knowledge Management,Mod\'{e}lisation des connaissances,MOKA,PLM,Usinage},
pages = {146},
school = {\'{E}cole Centrale de Nantes},
title = {{Processus d'aide \`{a} la sp\'{e}cification et \`{a} la v\'{e}rification d'application d'ing\'{e}nierie \`{a} base de connaissances expertes.}},
year = {2007}
}
@article{Antipolis2002,
author = {Antipolis, Sophia and Mellon, Carnegie and Post-doctorale, Position and Valrose, Petit},
file = {:home/bhervy/.local/share/data/Mendeley Ltd./Mendeley Desktop/Downloaded/Antipolis et al. - 2002 - F l. g.pdf:pdf},
journal = {Journal Of Web Semantics},
title = {{F l. g}},
year = {2002}
}
@misc{Astrova2004,
abstract = {A majority of the work on reverse engineering has been done on extracting entity-relationship and object models from relational databases. There exist only a few approaches that consider ontologies, as the target for reverse engineering. Moreover, the existing approaches can extract only a small subset of semantics embedded within a relational database, or they can require much user interaction for semantic annotation. In our opinion, the potential source of these problems lies in that the primary focus has been on analyzing key correlation. Data and attribute correlations are considered rarely and thus, have received little or no analysis. As an attempt to resolve the problems, we propose a novel approach, which is based on an analysis of key, data and attribute correlations, as well as their combination. Our approach can be applied to migrating data-intensive Web pages, which are usually based on relational databases, into the ontology-based Semantic Web.},
author = {Astrova, Irina and Bussler, Christoph and Davies, John and Fensel, Dieter and Studer, Rudi},
doi = {10.1007/978-3-540-25956-5\_23},
isbn = {978-3-540-21999-6},
keywords = {Computer Science},
pages = {327--341},
publisher = {Springer Berlin / Heidelberg},
title = {{The Semantic Web: Research and Applications - Lecture Notes in Computer Science}},
url = {http://www.springerlink.com/content/ef2hpj08l430y1ud/},
volume = {3053},
year = {2004}
}
@article{Astrova2007,
abstract = {Relational databases are often used as a basis for persistent storage of ontologies to facilitate rapid operations such as search and retrieval, and to utilize the benefits of relational databases management systems such as transaction management, security and integrity control. On the other hand, there appear more and more OWL files that contain ontologies. Therefore, this paper proposes to extract ontologies from OWL files and then store them in relational databases. A prerequisite for this storing is transformation of ontologies to relational databases, which is the purpose of this paper.},
author = {Astrova, Irina and Korda, Nahum and Kalja, Ahto},
file = {:home/bhervy/.local/share/data/Mendeley Ltd./Mendeley Desktop/Downloaded/Astrova, Korda, Kalja - 2007 - Storing OWL Ontologies in SQL Relational Databases.pdf:pdf},
journal = {Engineering and Technology},
keywords = {ontologies,owl,relational databases,sql},
number = {4},
pages = {167--172},
publisher = {Citeseer},
title = {{Storing OWL Ontologies in SQL Relational Databases}},
url = {http://citeseerx.ist.psu.edu/viewdoc/download?doi=10.1.1.115.6731\&amp;rep=rep1\&amp;type=pdf},
volume = {1},
year = {2007}
}
@inproceedings{Astrova2007a,
abstract = {This paper proposes a novel approach to automatic transformation of relational databases to ontologies, where the quality of transformation is also considered. A relational database is written in SQL, and an ontology is written in OWL. The proposed approach can be used for upgrading todays Web to the Semantic Web. The high cost of manual building ontologies from scratch is one of the main obstacles for the development of the Semantic Web. On the other hand, the Semantic Web can benefit from reuse of the vast amount of relational database information available on the Web today.},
address = {Corfu Island},
author = {Astrova, Irina and Korda, Nahum and Kalja, Ahto},
booktitle = {2nd International Conference on Metadata and Semantics Research},
file = {:home/bhervy/.local/share/data/Mendeley Ltd./Mendeley Desktop/Downloaded/Astrova, Korda, Kalja - 2007 - Rule-Based Transformation of SQL Relational Databases to OWL Ontologies(2).pdf:pdf},
keywords = {ontologies,owl,relational databases,sql},
pages = {415--424},
publisher = {Springer},
title = {{Rule-Based Transformation of SQL Relational Databases to OWL Ontologies}},
url = {http://citeseerx.ist.psu.edu/viewdoc/download?doi=10.1.1.110.8189\&amp;rep=rep1\&amp;type=pdf},
year = {2007}
}
@misc{Astrova2009a,
abstract = {This paper proposes an approach to automatic transformation of relational databases to ontologies, where constraints CHECK are also considered. A relational database is written in SQL and an ontology is written in OWL. The proposed approach can be used for integrating data that are scattered across many different domains and that reside in many separate relational databases.},
author = {Astrova, Irina and Sicilia, Miguel-Angel and Lytras, Miltiadis D.},
doi = {10.1007/978-0-387-77745-0\_40},
isbn = {978-0-387-77745-0},
keywords = {Computer Science},
pages = {415--424},
publisher = {Springer US},
title = {{Metadata and Semantics}},
url = {http://www.springerlink.com/content/n636ku546438270t/},
year = {2009}
}
@article{auber2007visualisation,
author = {Auber, D. and Chiricota, Y. and Delest, M. and Melan\c{c}on, G. and Domenger, J.P. and Mary, P. and Others},
file = {:home/bhervy/.local/share/data/Mendeley Ltd./Mendeley Desktop/Downloaded/Auber et al. - 2007 - Visualisation de graphes avec Tulip exploration interactive de grandes masses de donn\'{e}es en appui \`{a} la fouille de donn\'{e}es et \`{a} l'extraction de connaissances.pdf:pdf},
title = {{Visualisation de graphes avec Tulip: exploration interactive de grandes masses de donn\'{e}es en appui \`{a} la fouille de donn\'{e}es et \`{a} l'extraction de connaissances}},
url = {http://hal.archives-ouvertes.fr/lirmm-00203728/},
year = {2007}
}
@inproceedings{aubert2003instrumentation,
author = {Aubert, O. and Champin, P.A. and Pri\'{e}, Y.},
booktitle = {Actes Workshop" Temps et documents num\'{e}riques},
file = {:home/bhervy/.local/share/data/Mendeley Ltd./Mendeley Desktop/Downloaded/Aubert, Champin, Pri\'{e} - 2003 - Instrumentation de documents audiovisuels temporalisations et d\'{e}temporalisation dans le projet Advene.pdf:pdf},
title = {{Instrumentation de documents audiovisuels: temporalisations et d\'{e}temporalisation dans le projet Advene}},
url = {http://liris.cnrs.fr/olivier.aubert/download/fantastic.pdf},
year = {2003}
}
@article{aubert2004advene,
author = {Aubert, Olivier and Champin, PA and Pri\'{e}, Yannick and Others},
file = {:home/bhervy/.local/share/data/Mendeley Ltd./Mendeley Desktop/Downloaded/Aubert et al. - 2004 - Advene, une plateforme pour l'\'{e}dition et la visualisation d'hypervid\'{e}os.pdf:pdf},
title = {{Advene, une plateforme pour l'\'{e}dition et la visualisation d'hypervid\'{e}os}},
url = {http://hal.inria.fr/sic\_00001270/},
year = {2004}
}
@article{aussenac1996acquisition,
author = {AUSSENAC, J. and Laublet, P. and Reynaud, C.},
journal = {Cepadues, Toulouse},
title = {{Acquisition et Ing\'{e}nierie des Connaissances: tendances actuelles}},
url = {http://www.lavoisier.fr/livre/notice.asp?id=3SAWK3ASKRLOWP},
year = {1996}
}
@article{Author,
author = {Author, About The and To, With Thanks and Version, Latest},
file = {:home/bhervy/Dropbox/Perso/Bibliographie/BDD/mongodb.pdf:pdf},
title = {{No Title}}
}
@article{aze2003nouvelle,
author = {AZE, J.},
journal = {Revue d'intelligence artificielle},
number = {1-3},
pages = {171--182},
publisher = {Lavoisier},
title = {{Une nouvelle mesure de qualit\'{e} pour l'extraction de p\'{e}pites de connaissances}},
url = {http://cat.inist.fr/?aModele=afficheN\&amp;cpsidt=15209107},
volume = {17},
year = {2003}
}
@article{Bach2006,
author = {Bach, T Le},
title = {{Construction d'un Web s\'{e}mantique multi-points de vue}},
url = {http://scholar.google.fr/scholar?q=web+s\%C3\%A9mantique\&hl=fr\&btnG=Rechercher\&lr=\#8},
year = {2006}
}
@inproceedings{bachimont2001mod,
author = {Bachimont, Bruno},
booktitle = {Actes de la conf\'{e}rence IC},
pages = {349--368},
title = {{Mod\'{e}lisation linguistique et mod\'{e}lisation logique des ontologies: l}},
url = {http://scholar.google.fr/scholar?hl=fr\&q=bachimont\&btnG=Rechercher\&lr=\&as\_ylo=\&as\_vis=0\#6},
year = {2001}
}
@article{bachimont1998bibliothèques,
author = {Bachimont, Bruno},
file = {:home/bhervy/.local/share/data/Mendeley Ltd./Mendeley Desktop/Downloaded/Bachimont - 1998 - Biblioth\`{e}ques num\'{e}riques audiovisuelles des enjeux scientifiques et techniques.pdf:pdf},
journal = {Document num\'{e}rique},
number = {3},
title = {{Biblioth\`{e}ques num\'{e}riques audiovisuelles: des enjeux scientifiques et techniques}},
url = {http://www.abhatoo.net.ma/index.php/fre/content/download/3221/35033/file/bibliotheque\_numerique.pdf},
volume = {2},
year = {1998}
}
@inproceedings{Bachimont2004,
author = {Bachimont, Bruno},
booktitle = {Journ\'{e}es francophones d'ing\'{e}nierie des connaissances},
file = {:home/bhervy/.local/share/data/Mendeley Ltd./Mendeley Desktop/Downloaded/Bachimont - 2004 - Pourquoi n'y at-il pas d'exp´ erience en ing´ enierie des connaissances.pdf:pdf},
title = {{Pourquoi n'y at-il pas d'exp\'{e}rience en ing\'{e}nierie des connaissances ?}},
url = {http://hal.archives-ouvertes.fr/hal-00348389/},
year = {2004}
}
@phdthesis{Bachimont2004thesis,
author = {Bachimont, Bruno},
booktitle = {M\'{e}moire de HDR},
file = {:home/bhervy/.local/share/data/Mendeley Ltd./Mendeley Desktop/Downloaded/Bachimont - 2004 - Arts et sciences du num\'{e}rique Ing\'{e}nierie des connaissances et critique de la raison computationnelle(2).pdf:pdf},
pages = {281},
school = {Universit\'{e} de technologie de Compi\`{e}gne},
title = {{Arts et sciences du num\'{e}rique: Ing\'{e}nierie des connaissances et critique de la raison computationnelle}},
type = {M\'{e}moire HDR},
url = {http://scholar.google.fr/scholar?hl=fr\&q=bachimont\&btnG=Rechercher\&lr=\&as\_ylo=\&as\_vis=0\#1},
year = {2004}
}
@article{bachimont2000intelligence,
author = {Bachimont, Bruno},
journal = {Au nom du sens},
pages = {290--319},
publisher = {Grasset},
title = {{L’intelligence artificielle comme \'{e}criture dynamique: de la raison graphique \`{a} la raison computationnelle}},
url = {http://scholar.google.fr/scholar?hl=fr\&q=bachimont\&btnG=Rechercher\&lr=\&as\_ylo=\&as\_vis=0\#3},
year = {2000}
}
@article{bachimont1992contrôle,
author = {Bachimont, Bruno},
journal = {Herm\`{e}s},
title = {{Le contr\^{o}le dans les syst\`{e}mes \`{a} base de connaissances}},
url = {http://scholar.google.fr/scholar?hl=fr\&q=bachimont\&btnG=Rechercher\&lr=\&as\_ylo=\&as\_vis=0\#9},
year = {1992}
}
@book{bachimont2007,
author = {Bachimont, Bruno},
booktitle = {Hermes Lavoisier, Paris},
title = {{Ing\'{e}nierie des connaissances et des contenus : le num\'{e}rique entre ontologies et documents}},
url = {http://www.info.univ-tours.fr/~bouchou/pagesDess/ingenierieConnaissances.pdf},
year = {2007}
}
@article{bachimont2000engagement,
author = {Bachimont, Bruno},
file = {:home/bhervy/.local/share/data/Mendeley Ltd./Mendeley Desktop/Downloaded/Bachimont - 2000 - Engagement s\'{e}mantique et engagement ontologique conception et r\'{e}alisation d’ontologies en ing\'{e}nierie des connaissances.pdf:pdf},
journal = {Ing\'{e}nierie des connaissances: \'{e}volutions r\'{e}centes et nouveaux d\'{e}fis},
pages = {305--323},
title = {{Engagement s\'{e}mantique et engagement ontologique: conception et r\'{e}alisation d’ontologies en ing\'{e}nierie des connaissances}},
url = {http://www.cndwebzine.hcp.ma/IMG/pdf/Engagement\_semantique\_et\_engagement\_ontologique\_conception\_et\_realisation\_d\_ontologies\_en\_Ingenierie\_des\_connaissances.pdf},
year = {2000}
}
@article{BACHIMONT,
abstract = {The French institute INA is interested in ontologies in order to describe the content of audiovisual documents. Methodologies and tools for building such objects exist, but few propose complete guidelines to help the user to organize the key components of ontologies: subsumption hierarchies. This article proposes to use a methodology introducing a clear semantic commitment to normalize the meaning of the concepts. We have implemented this methodology in an editor, DOE, complementary to other existing tools, and used it to develop several ontologies.},
author = {Bachimont, Bruno and Isaac, Antoine and Troncy, Rapha\"{e}l},
chapter = {Knowledge},
doi = {10.1007/3-540-45810-7\_14},
file = {:home/bhervy/.local/share/data/Mendeley Ltd./Mendeley Desktop/Downloaded/Bachimont, Isaac, Troncy - 2002 - Semantic commitment for designing ontologies A proposal.pdf:pdf},
isbn = {3-540-44268-5},
issn = {0302-9743},
journal = {Lecture notes in computer science},
keywords = {Audiovisual document,Document audiovisuel,Documento audiovisual,Ing\'{e}nierie connaissances,Knowledge engineering,Knowledge representation,Multim\'{e}dia,Ontologie,Ontology,Representaci\'{o}n conocimientos,Repr\'{e}sentation connaissances,Semantics,Sem\'{a}ntica,S\'{e}mantique},
pages = {114--121},
publisher = {Springer},
title = {{Semantic commitment for designing ontologies: A proposal}},
url = {http://cat.inist.fr/?aModele=afficheN\&cpsidt=14800740},
volume = {2473},
year = {2002}
}
@article{Baget2004,
author = {Baget, JF and Canaud, \'{E}},
journal = {Revue I},
title = {{Les langages du web s\'{e}mantique}},
url = {http://citeseerx.ist.psu.edu/viewdoc/download?doi=10.1.1.80.2174\&amp;rep=rep1\&amp;type=pdf},
year = {2004}
}
@article{baillyambients,
author = {Bailly, A.},
file = {:home/bhervy/.local/share/data/Mendeley Ltd./Mendeley Desktop/Downloaded/Bailly - Unknown - Les Ambients un outil th\'{e}orique pour l’ubiquit\'{e}.pdf:pdf},
journal = {lifl.fr},
title = {{Les Ambients: un outil th\'{e}orique pour l’ubiquit\'{e}?}},
url = {http://www2.lifl.fr/Mosaiques/uploads/Main/exposeAmbientsMosaiques.pdf}
}
@article{Baranyi2012,
author = {Baranyi, P\'{e}ter and {\'{A}d\'{a}m Csap\'{o}}},
file = {:home/bhervy/T\'{e}l\'{e}chargements/Baranyi\_Csapo\_33.pdf:pdf},
journal = {Acta Polytechnica Hungarica},
keywords = {coginfocom channels,cognitive infocommunications},
number = {1},
pages = {67--83},
title = {{Definition and Synergies of Cognitive Infocommunications}},
url = {http://www.uni-obuda.hu/journal/Baranyi\_Csapo\_33.pdf},
volume = {9},
year = {2012}
}
@article{Bataille2002,
author = {Bataille, Eric},
file = {:home/bhervy/.local/share/data/Mendeley Ltd./Mendeley Desktop/Downloaded/Bataille - 2002 - Vers le concept de document s\'{e}mantique.pdf:pdf},
journal = {No\^{u}s},
title = {{Vers le concept de document s\'{e}mantique}},
volume = {6},
year = {2002}
}
@article{Bekaert2005,
author = {Bekaert, Jeroen and {Van de Sompel}, Herbert},
file = {:home/bhervy/.local/share/data/Mendeley Ltd./Mendeley Desktop/Downloaded/Unknown - 2005 - Access interfaces for open archival information systems based on the OAI-PMH and the OpenURL framework for context-sensitive services.pdf:pdf},
journal = {Arxiv preprint cs/0509090},
keywords = {Archive,OAI-PMH,OAIS,OpenURL,SI},
mendeley-tags = {Archive,OAI-PMH,OAIS,OpenURL,SI},
title = {{Access interfaces for open archival information systems based on the OAI-PMH and the OpenURL framework for context-sensitive services}},
url = {http://arxiv.org/abs/cs/0509090},
year = {2005}
}
@article{Bekiari2012,
author = {Bekiari, Chryssoula and Doerr, Martin and Aalberg, Trond and Boutard, Guillaume and Iorizzo, Dolores and Jacob, Max and Lamsfus, Carlos and Nyman, Mika and Ore, Christian Emil and Renear, Allen H and Riva, Pat and Stead, Stephen},
file = {:home/bhervy/.local/share/data/Mendeley Ltd./Mendeley Desktop/Downloaded/Bekiari et al. - 2012 - Definition of Object-Oriented FRBR.pdf:pdf},
number = {January},
title = {{Definition of Object-Oriented FRBR}},
year = {2012}
}
@techreport{CAE2011,
author = {Benhamou, Fran\c{c}oise and Thesmar, David},
file = {:home/bhervy/.local/share/data/Mendeley Ltd./Mendeley Desktop/Downloaded/Ministre - 2011 - Valoriser le patrimoine culturel de la france \_\_\_\_\_\_\_\_\_\_\_.pdf:pdf},
keywords = {france,minist\`{e}re,patrimoine,valorisation},
pages = {1--132},
title = {{Valoriser le patrimoine culturel de la France}},
year = {2011}
}
@inproceedings{Benoit2010,
abstract = {Usines3D est un programme de recherche en histoire moderne et histoire contemporaine qui explore les questions de la restitution d'espaces industriels. Les analyses historiques s'appuient sur un outil de recherche qui utilise les techniques de la restitution 3D et la mise en relation de donn\'{e}es au sein de bases de donn\'{e}es interop\'{e}rables (voir http://www.usines3d.fr).},
address = {Pessac},
author = {Benoit, Serge and Kilouchi, Shadia and Michel, Alain and Pouyllau, St\'{e}phane},
booktitle = {Virtual Retrospect 2009},
keywords = {Boulogne-Billancourt,Bourgogne,Citro\"{e}n,Ile-de-France,Marcenay,Paris,Peugeot,Renault,archives,arch\'{e}ologie,arch\'{e}ologie 3D,automobile,haut-fourneau,histoire des sciences,histoire des techniques,histoire industrielle,interop\'{e}rabilit\'{e},proto-industrie,restitution 3D,travail \`{a} la chaine,usine,web de donn\'{e}es},
language = {Fran\c{c}ais},
month = dec,
organization = {Laboratoire d'histoire \{$\backslash$'e\}conomique, sociale et des techniques - LHEST , Centre national pour la num\{$\backslash$'e\}risation de sources visuelles - CN2SV , Centre Alexandre Koyr\{$\backslash$'e\} - Centre de Recherche en Histoire des Sciences et des Techniques - CAK-CRHST},
pages = {31--40},
publisher = {Editions Ausonius},
series = {Arch\{$\backslash$'e\}ovision},
title = {{Usines 3D. La simulation pour questionner les sources et les vestiges de l'histoire industrielle}},
url = {http://halshs.archives-ouvertes.fr/halshs-00537739},
volume = {4},
year = {2010}
}
@book{bernard2006expression,
author = {Bernard-Bouissi\`{e}res, J.},
publisher = {Afnor},
title = {{Expression du besoin \& [et] cahier des charges fonctionnel: \'{e}laboration et r\'{e}daction}},
url = {http://www.lavoisier.fr/livre/notice.asp?id=3R3WKXAAR2AOWD},
year = {2006}
}
@article{Bernard2007,
author = {Bernard, A and Laroche, F and Ammar-Khodja, S and Perry, N},
journal = {CIRP Annals - Manufacturing Technology},
keywords = {3D digitalisation,Design methods,Knowledge repository},
number = {1},
pages = {143--148},
title = {{Impact of new 3D numerical devices and environments on redesign and valorisation of mechanical systems}},
url = {http://dx.doi.org/10.1016/j.cirp.2007.05.035},
volume = {56},
year = {2007}
}
@article{Berzak2011,
address = {Berlin, Heidelberg},
author = {Berzak, Yevgeni and Richter, Michal and Ehrler, Carsten and Shore, Todd},
doi = {10.1007/978-3-642-20227-8},
editor = {Sporleder, Caroline and Bosch, Antal and Zervanou, Kalliopi},
isbn = {978-3-642-20226-1},
journal = {Theory and Applications of Natural Language Processing},
keywords = {algorithms,history,similarities,text mining},
mendeley-tags = {algorithms,history,similarities,text mining},
pages = {197--212},
publisher = {Springer Berlin Heidelberg},
title = {{Information Retrieval and Visualization for the Historical Domain}},
url = {http://www.springerlink.com/index/10.1007/978-3-642-20227-8},
year = {2011}
}
@inproceedings{Billen2009,
address = {Li\`{e}ge},
author = {Billen, R and Blain, P and Donneau, O and Habraken, S and Renotte, Y and {Van Ruymbeke}, M},
booktitle = {Proceedings of 3D Stereo MEDIA 2009, International 3D Stereo Film and Technology Festival (3D Stereo MEDIA), Li\`{e}ge, Belgium, 1-3 Dec. 2009.},
editor = {Verly, J},
keywords = {3D city model,3D information system
R\'{e}sum\'{e} :,3D model,cultural heritage,historical model,laser scan,projected-fringes},
title = {{Virtual model of the city of Li\`{e}ge in the eighteen century - " Virtual Leodium"}},
url = {http://orbi.ulg.ac.be/handle/2268/34167},
year = {2009}
}
@inproceedings{Billen2012,
address = {Madrid},
author = {Billen, R and Carr\'{e}, C and Delfosse, V and Hervy, B and Laroche, F and Lef\`{e}vre, D and Servi\`{e}res, M and {Van Ruymbeke}, M},
booktitle = {COST Action TU801 workshop on Semantic Enrichment of 3D city models for sustainable urban development},
title = {{3D historical models: the case studies of Liege and Nantes.}},
year = {2012}
}
@article{Chantrerie2003,
author = {Blanchard, Julien and Guillet, Fabrice and Briand, Henri},
file = {:home/bhervy/.local/share/data/Mendeley Ltd./Mendeley Desktop/Downloaded/Chantrerie - 2003 - Une visualisation orient\'{e}e qualit\'{e} pour la fouille anthropocentr\'{e}e de r\`{e}gles d'association.pdf:pdf},
journal = {Cahiers romans de sciences cognitives},
number = {3},
pages = {79--100},
title = {{Une visualisation orient\'{e}e qualit\'{e} pour la fouille anthropocentr\'{e}e de r\`{e}gles d'association}},
volume = {1},
year = {2003}
}
@article{Blanchard2007,
abstract = {On account of the enormous amounts of rules that can be produced by data mining algorithms, knowledge post-processing is a diffcult stage in an association rule discovery process. In order to find relevant knowledge, the user needs to rummage through the rules. To make this task easier, we propose a new interactive mining methodology based on well-adapted dynamic visual representations. It allows the user to drive the discovery process by focusing his/her attention on limited subsets of rules. We have implemented our methodology with two complementary 2D and 3D visualization supports. These implementations exploit the user's focus to guide the generation of the rules by means of a specific constraint-based rule-mining algorithm.},
author = {Blanchard, Julien and Pinaud, Bruno and Kuntz, Pascale and Guillet, Fabrice},
file = {:home/bhervy/.local/share/data/Mendeley Ltd./Mendeley Desktop/Downloaded/Blanchard et al. - 2007 - A 2D-3D visualization support for human-centered rule-mining.pdf:pdf},
journal = {Computer and Graphics},
keywords = {Association rules,Interactive mining,Interactive visualization,Knowledge discovery in databases,Rule focusing,data mining,visualization},
mendeley-tags = {data mining,visualization},
number = {3},
pages = {350--360},
title = {{A 2D-3D visualization support for human-centered rule-mining}},
url = {http://hal.inria.fr/inria-00335928},
volume = {31},
year = {2007}
}
@article{Boly2010,
author = {Boly, M Vincent and Coppin, M Gilles and Bretagne, Telecom and Bihanic, M David},
file = {:home/bhervy/.local/share/data/Mendeley Ltd./Mendeley Desktop/Downloaded/Boly et al. - 2010 - Doctorat ParisTech T H \`{E} S E.pdf:pdf},
title = {{Doctorat ParisTech T H \`{E} S E}},
year = {2010}
}
@article{Bouaud1995,
author = {Bouaud, J and Bachimont, B},
file = {:home/bhervy/.local/share/data/Mendeley Ltd./Mendeley Desktop/Downloaded/Bouaud, Bachimont - 1995 - Methodological principles for structuring an “ontology”.pdf:pdf},
journal = {Proceedings of the  \ldots},
title = {{Methodological principles for structuring an “ontology”}},
url = {http://estime.spim.jussieu.fr/~pz/FTPapiers/Bouaud:IJCAIW95.pdf},
year = {1995}
}
@inproceedings{bourigault2002upery,
author = {Bourigault, D.},
booktitle = {Actes de la 9\`{e}me conf\'{e}rence annuelle sur le Traitement Automatique des Langues (TALN 2002), Nancy},
file = {:home/bhervy/.local/share/data/Mendeley Ltd./Mendeley Desktop/Downloaded/Bourigault - 2002 - Upery un outil d'analyse distributionnelle \'{e}tendue pour la construction d’ontologies \`{a} partir de corpus.pdf:pdf},
pages = {75--84},
title = {{Upery: un outil d'analyse distributionnelle \'{e}tendue pour la construction d’ontologies \`{a} partir de corpus}},
url = {http://webloria.loria.fr/projets/JEP-TALN/actes/TALN/articles/TALN06.pdf},
year = {2002}
}
@inproceedings{bourigault1999construction,
author = {Bourigault, D. and Charlet, J.},
booktitle = {Conf\'{e}rence ing\'{e}nierie des connaissances},
pages = {107--118},
title = {{Construction d'un index th\'{e}matique de l'Ing\'{e}nierie des connaissances}},
url = {http://cat.inist.fr/?aModele=afficheN\&amp;cpsidt=1007398},
year = {1999}
}
@book{BRAUDEL1969,
abstract = {Fernand Braudel a toujours plaid\'{e} pour une n\'{e}cessaire unification des sciences de l'homme. Tel est le th\`{e}me commun des articles ici rassembl\'{e}s. L'histoire, selon lui, part d'une r\'{e}flexion sur la multiplicit\'{e} des temps, elle est une dialectique de la dur\'{e}e, \`{a} la fois \'{e}tude du pass\'{e} et du pr\'{e}sent. Elle peut et doit \`{a} ce titre int\'{e}resser les sciences voisines et s'assimiler en retour leurs diverses techniques. Mais aucune science particuli\`{e}re, aussi plurielle soit-elle, n'est capable de mobiliser l'ensemble de l'humain. Et l'historien qui se veut \'{e}conomiste, sociologue, anthropologue, linguiste... c\`{e}de \`{a} un imp\'{e}rialisme scientifique que Fernand Braudel redoute autant que le cloisonnement des fronti\`{e}res. Souci de l'unit\'{e} et respect de la diversit\'{e}, tels sont les principes d'un "march\'{e} commun du savoir" auquel Fernand Braudel a contribu\'{e} plus que tout autre.},
author = {BRAUDEL, Fernand},
file = {:home/bhervy/.local/share/data/Mendeley Ltd./Mendeley Desktop/Downloaded/BRAUDEL - 1969 - Ecrits sur l'histoire(2).pdf:pdf},
keywords = {Book},
language = {fr},
month = nov,
publisher = {Flammarion},
title = {{Ecrits sur l'histoire}},
url = {http://documents.irevues.inist.fr/handle/2042/29260},
year = {1969}
}
@article{Brisson2006,
author = {Brisson, L},
file = {:home/bhervy/.local/share/data/Mendeley Ltd./Mendeley Desktop/Downloaded/Brisson - 2006 - Ontologie et base de connaissances pour le pr\'{e}-traitement et post-traitement en fouille de donn\'{e}es.pdf:pdf},
title = {{Ontologie et base de connaissances pour le pr\'{e}-traitement et post-traitement en fouille de donn\'{e}es}},
url = {http://hal.archives-ouvertes.fr/hal-00362768/},
year = {2006}
}
@article{Bumans2010,
author = {Bumans, Guntars},
file = {:home/bhervy/.local/share/data/Mendeley Ltd./Mendeley Desktop/Downloaded/Bumans - 2010 - Mapping between Relational Databases and OwL Ontologies an example.pdf:pdf},
journal = {Science},
keywords = {mappings,rdf triples,relational databases},
pages = {99--117},
title = {{Mapping between Relational Databases and OwL Ontologies: an example}},
volume = {756},
year = {2010}
}
@inproceedings{Cahier2004,
abstract = {Dans cet article, nous pr\'{e}sentons un projet de « co-construction d'un annuaire « m\'{e}tier »» pour Airbus-Ing\'{e}nierie. Cet annuaire offre aux ing\'{e}nieurs de rechercher des coll\`{e}gues par navigation dans une carte de th\`{e}mes multi-points de vue. Chacun d'eux peut y d\'{e}clarer ses caract\'{e}ristiques m\'{e}tier de fa\c{c}on tr\`{e}s d\'{e}taill\'{e}e, selon une structure d'index comportant plusieurs arborescences qu'il peut aussi contribuer \`{a} enrichir th\'{e}matiquement. Nous pr\'{e}sentons ce projet comme un exemple de notre approche du « Web socio-s\'{e}mantique » (W2S), en explicitant le mod\`{e}le HyperTopic, qui supporte cette approche. Inspir\'{e} des r\'{e}seaux s\'{e}mantiques simples de type « Topic Map », HyperTopic les compl\`{e}te en proposant un m\'{e}ta-mod\`{e}le visant \`{a} la fois la repr\'{e}sentation des objets m\'{e}tiers et celle des acteurs sociaux et de leur activit\'{e}, et en offrant un soutien \`{a} la manipulation de la s\'{e}mantique des notions relevant de ces deux familles d'objets.},
author = {Cahier, Jean-Pierre and Zacklad, Manuel and Monceaux, Anne},
booktitle = {Ing\'{e}nierie des Connaissances},
file = {:home/bhervy/.local/share/data/Mendeley Ltd./Mendeley Desktop/Downloaded/Cahier, Zacklad, Monceaux - 2004 - Une application du Web socio-s\'{e}mantique \`{a} la d\'{e}finition d'un annuaire m\'{e}tier en ing\'{e}nierie.pdf:pdf},
keywords = {Annuaire de connaissances m\'{e}tier,Applications,Co-construction de structure d'index,HyperTopic,Web Socio S\'{e}mantique},
month = may,
title = {{Une application du Web socio-s\'{e}mantique \`{a} la d\'{e}finition d'un annuaire m\'{e}tier en ing\'{e}nierie}},
url = {http://hal.archives-ouvertes.fr/hal-00364687},
year = {2004}
}
@article{Canavaggio1997,
abstract = {Un SGBD temporel doit offrir les fonctionnalit\'{e}s permettant aux applications de dater les informations et de g\'{e}rer l'histoire de leur \'{e}volution. Cette th\`{e}se pr\'{e}sente le mod\`{e}le d'historiques TEMPOS et le prototype qui a \'{e}t\'{e} r\'{e}alis\'{e} au dessus du SGBD O2. TEMPOS s'appuie sur un mod\`{e}le du temps, qui permet de manipuler des valeurs temporelles, simples et complexes, exprim\'{e}es dans diff\'{e}rentes unit\'{e}s. Le jeu d'unit\'{e} est extensible, et les op\'{e}rations d\'{e}finies sont ind\'{e}pendantes des unit\'{e}s. La multiplicit\'{e} des formes externes des valeurs temporelles est \'{e}galement prise en compte. Le mod\`{e}le d'historiques propos\'{e} dans TEMPOS int\`{e}gre les fonctionnalit\'{e}s essentielles attendues pour g\'{e}rer la dimension historique des informations d'une base de donn\'{e}es. La d\'{e}finition de diff\'{e}rents types d'historiques (discret, en escalier, interpol\'{e}) permet de donner la signification des valeurs saisies et d'interpoler les autres valeurs. Ainsi, en TEMPOS, un historique est vu comme une chronique (s\'{e}quence de valeurs dat\'{e}es), un domaine temporel d'observation, et une fonction d'interpolation. Le mod\`{e}le permet diverses structurations des historiques bas\'{e}es sur le regroupement d'instants. Les op\'{e}rations d'interrogation des historiques sont issues de l'extension temporelle des op\'{e}rateurs de l'alg\`{e}bre relationnelle et \'{e}galement d'une adaptation d'op\'{e}rateurs sur les s\'{e}quences, qui permettent en particulier de raisonner sur la succession dans le temps. Les op\'{e}rations classiques de mise \`{a} jour sont \'{e}tendues pour prendre en compte la dimension temporelle. Toutes les op\'{e}rations sur les historiques sont d\'{e}finies de mani\`{e}re \`{a} \^{e}tre ind\'{e}pendantes de la repr\'{e}sentation et de l'unit\'{e} d'observation temporelle des historiques. Le prototype comprend une hi\'{e}rarchie de classes implantant les types et les op\'{e}rations propos\'{e}s dans TEMPOS, et un pr\'{e}processeur TempOQL permettant de manipuler des valeurs temporelles dans des requ\^{e}tes OQL.},
author = {Canavaggio, Jean-Fran\c{c}ois},
keywords = {Granularit\'{e},Historique,Langage de requ\^{e}tes,SGBD O2,SGBD temporel,Unit\'{e} de temps},
month = nov,
title = {{TEMPOS : un mod\`{e}le d'historiques pour un SGBD temporel}},
url = {http://tel.archives-ouvertes.fr/tel-00004924/},
year = {1997}
}
@article{Cardinal,
author = {Cardinal, Julie Le and Bocquet, Jean-claude},
file = {:home/bhervy/.local/share/data/Mendeley Ltd./Mendeley Desktop/Downloaded/Cardinal, Bocquet - Unknown - La gestion des connaissances pour les projets de conception de produits innovants.pdf:pdf},
journal = {Knowledge Management},
title = {{La gestion des connaissances pour les projets de conception de produits innovants}}
}
@article{Caron2002,
abstract = {Que retenir, que synth\'{e}tiser \`{a} partir des diff\'{e}rentes communications pr\'{e}sent\'{e}es lors de cette journ\'{e}e ? Tout d’abord des \'{e}vidences, mais qu’il semble n\'{e}cessaire de rappeler. Ainsi que le temps est le mat\'{e}riau premier de l’historien. Il est m\^{e}me, au fond, le seul mat\'{e}riau sur lequel il puisse pr\'{e}tendre r\'{e}fl\'{e}chir (au sens de penser, mais aussi au sens de renvoyer une image, comme un miroir), dans la mesure o\`{u} l’histoire n’a de sens que parce qu’elle envisage l’action des hommes non d’un point de v (...)},
author = {Caron, Jean-Claude},
doi = {10.4000/rh19.421},
file = {:home/bhervy/.local/share/data/Mendeley Ltd./Mendeley Desktop/Downloaded/Caron - 2002 - Conclusion.Le temps des historiens ou regards sur le pass\'{e}(2).pdf:pdf},
issn = {1265-1354},
journal = {Revue d'histoire du XIXe si\`{e}cle},
language = {fr},
month = jun,
pages = {199--202},
publisher = {Soci\'{e}t\'{e} d’histoire de la r\'{e}volution de 1848},
title = {{Conclusion.Le temps des historiens ou regards sur le pass\'{e}}},
url = {http://rh19.revues.org/index421.html},
volume = {25},
year = {2002}
}
@article{Carrera2009,
author = {Carrera, Proyecto Fin De},
file = {:home/bhervy/.local/share/data/Mendeley Ltd./Mendeley Desktop/Downloaded/Carrera - 2009 - Estudio de comportamientos cooperativos para la inteligencia ambiental aplicaci\'{o}n a la gesti\'{o}n de crisis.pdf:pdf},
title = {{Estudio de comportamientos cooperativos para la inteligencia ambiental: aplicaci\'{o}n a la gesti\'{o}n de crisis}},
year = {2009}
}
@article{Caussanel2002,
author = {Caussanel, J and Cahier, JP},
file = {:home/bhervy/.local/share/data/Mendeley Ltd./Mendeley Desktop/Downloaded/Caussanel, Cahier - 2002 - Les Topic Maps sont-ils un bon candidat pour l'ing\'{e}nierie du Web S\'{e}mantique.pdf:pdf},
journal = {\ldots  IC2002, Rouen Mai},
title = {{Les Topic Maps sont-ils un bon candidat pour l'ing\'{e}nierie du Web S\'{e}mantique}},
url = {http://www.abhatoo.net.ma/index.php/fre/layout/set/print/content/download/1117/8930/file/Les Topic Maps sont-ils un bon candidat pour l\%E2\%80\%99ing\%C3\%A9nierie du Web S\%C3\%A9mantique.pdf},
year = {2002}
}
@article{Centrale2006,
author = {Centrale, Ecole and Polytechnique, Ecole},
file = {:home/bhervy/.local/share/data/Mendeley Ltd./Mendeley Desktop/Downloaded/Centrale, Polytechnique - 2006 - Between heritage and Industrial Engineering, a new life for old product virtuality.pdf:pdf},
journal = {Cartography},
keywords = {but the conservation of,heritage,industrial engineering,mainly from,product lifecycle management,several major difficulties issued,technical history,the technical heritage encounters,virtual reality},
pages = {1--7},
title = {{Between heritage and Industrial Engineering, a new life for old product: virtuality}},
year = {2006}
}
@article{Chacon,
author = {Chacon, Scott},
file = {:home/bhervy/.local/share/data/Mendeley Ltd./Mendeley Desktop/Downloaded/Chacon - Unknown - Pro Git.pdf:pdf},
journal = {Control},
pages = {1--210},
title = {{Pro Git}}
}
@article{Champin2002,
author = {Champin, PA},
journal = {\ldots  Francophone de Reconnaissance des Formes et  \ldots},
title = {{Mod\'{e}liser l'exp\'{e}rience pour en assister la r\'{e}utilisation: de la Conception Assist\'{e}e par Ordinateur au Web S\'{e}mantique}},
url = {http://scholar.google.fr/scholar?hl=fr\&as\_sdt=0,5\&q=pierre+antoine+champin\#9 http://scholar.google.fr/scholar?hl=fr\&as\_sdt=0,5\&q=pierre+antoine+champin\#2 http://scholar.google.fr/scholar?start=10\&q=web+s�mantique\&hl=fr\&as\_sdt=0,5\#3},
year = {2002}
}
@article{Champin2000,
author = {Champin, PA},
file = {:home/bhervy/.local/share/data/Mendeley Ltd./Mendeley Desktop/Downloaded/Champin - 2000 - Rdf tutorial.pdf:pdf},
journal = {WWW-address: http://www710. univ-lyon1. fr/\~{} champin \ldots},
title = {{Rdf tutorial}},
url = {http://liris.cnrs.fr/~amille/enseignements/Ecole\_Centrale/rdf.pdf},
year = {2000}
}
@article{Champin2004,
author = {Champin, PA},
journal = {EGC04 Clermont Ferrand},
title = {{Musette: a framework for Knowledge Capture from Experience}},
url = {http://www.cepadues.com/docs/63300/RNTI-E-2 volume 1.pdf\#page=27},
year = {2004}
}
@phdthesis{Chamseddine2011,
author = {Chamseddine, Zaki},
file = {:home/bhervy/.local/share/data/Mendeley Ltd./Mendeley Desktop/Downloaded/Chamseddine - 2011 - Mod\'{e}lisation spatio-temporelle multi-\'{e}chelle des donn\'{e}es dans un SIG urbain(2).pdf:pdf},
pages = {164},
school = {LUNAM Universit\'{e}, \'{E}cole Centrale de Nantes, CERMA lab.},
title = {{Mod\'{e}lisation spatio-temporelle multi-\'{e}chelle des donn\'{e}es dans un SIG urbain}},
year = {2011}
}
@article{chandrasekaran1999ontologies,
author = {Chandrasekaran, B. and Josephson, J.R. and Benjamins, V.R.},
file = {:home/bhervy/.local/share/data/Mendeley Ltd./Mendeley Desktop/Downloaded/Chandrasekaran, Josephson, Benjamins - 1999 - What are ontologies, and why do we need them.pdf:pdf},
journal = {Intelligent Systems and Their Applications, IEEE},
number = {1},
pages = {20--26},
publisher = {IEEE},
title = {{What are ontologies, and why do we need them?}},
url = {http://ieeexplore.ieee.org/xpls/abs\_all.jsp?arnumber=747902},
volume = {14},
year = {1999}
}
@article{charlet1996ontologie,
author = {Charlet, J. and Bachimont, B. and Bouaud, J. and Zweigenbaum, P.},
journal = {Acquisition et Ing\'{e}nierie des connaissances: tendances actuelles},
pages = {69--87},
title = {{Ontologie et r\'{e}utilisabilit\'{e}: exp\'{e}rience et discussion}},
url = {http://scholar.google.fr/scholar?hl=fr\&q=bachimont\&btnG=Rechercher\&lr=\&as\_ylo=\&as\_vis=0\#5},
year = {1996}
}
@article{charlet2003ontologies,
author = {Charlet, J. and Bachimont, B. and Troncy, R.},
file = {:home/bhervy/.local/share/data/Mendeley Ltd./Mendeley Desktop/Downloaded/Charlet, Bachimont, Troncy - 2003 - Ontologies pour le Web s\'{e}mantique.pdf:pdf},
journal = {Action sp\'{e}cifique},
pages = {43--63},
title = {{Ontologies pour le Web s\'{e}mantique}},
url = {http://www.eurecom.fr/~troncy/Publications/Troncy-revue\_i304.pdf},
volume = {32},
year = {2003}
}
@incollection{charlet2000ingénierie,
author = {Charlet, J. and Zacklad, M. and Kassel, G. and Bourigault, D.},
booktitle = {Ing\'{e}nierie des connaissances, \'{e}volutions r\'{e}centes et nouveaux d\'{e}fis.},
publisher = {Eyrolles},
title = {{Ing\'{e}nierie des connaissances: recherches et perspectives}},
url = {http://scholar.google.fr/scholar?hl=fr\&q=ing\'{e}nierie+des+connaissances\&btnG=Rechercher\&lr=\&as\_ylo=\&as\_vis=0\#8},
year = {2000}
}
@article{Chen2002,
author = {Chen, PP},
file = {:home/bhervy/.local/share/data/Mendeley Ltd./Mendeley Desktop/Downloaded/Chen - 2002 - Entity-relationship modeling historical events, future trends, and lessons learned.pdf:pdf},
journal = {Software pioneers: contributions to software  \ldots},
title = {{Entity-relationship modeling: historical events, future trends, and lessons learned}},
url = {http://repository.binus.ac.id/content/M0094/M009455632.pdf},
year = {2002}
}
@inproceedings{cherfi2003vers,
author = {Cherfi, H. and Napoli, A. and Toussaint, Y. and Others},
booktitle = {Actes de la Conf\'{e}rence d’Apprentissage (CAp’03)},
pages = {61--76},
title = {{Vers une m\'{e}thodologie de fouille de textes s’ appuyant sur l’extraction de motifs fr\'{e}quents et de r\`{e}gles d’association}},
url = {http://www.loria.fr/equipes/orpailleur/Documents/cherfi03b.ps.gz},
year = {2003}
}
@inproceedings{Chevrier2010,
address = {Limassol},
author = {Chevrier, C and Jacquot, K and Perrin, J.P},
booktitle = {Digital Heritage. Third International Conference EuroMed 2010 dedicated on Digital Heritage. Short Papers. Limassol, Cyprus, November 8-13, 2010 },
file = {:home/bhervy/.local/share/data/Mendeley Ltd./Mendeley Desktop/Downloaded/Chevrier, Jacquot, Perrin - 2010 - 3D modelling of a town scale model.pdf:pdf},
keywords = {3D Modeling,Laser Scanning},
pages = {99--107},
publisher = {	Marinos Ioannides, Dieter Fellner, Andreas Georgopoulos, Diofantos G. Hadjimitsis (eds.) },
title = {{3D modelling of a town scale model}},
url = {http://amezule.crai.archi.fr/media/pdf/Chevier.pdf},
year = {2010}
}
@article{Cur2000,
author = {C\oe ur, D and Davoine, PA},
journal = {\ldots  Syst\`{e}me d'Information \ldots},
title = {{Int\'{e}gration de l'information historique dans un syst\`{e}me d'information: l'exemple du projet SPHERE}},
url = {http://en.scientificcommons.org/43823477},
year = {2000}
}
@article{Conference2012,
author = {Conference, The and Archives, Digital},
file = {:home/bhervy/.local/share/data/Mendeley Ltd./Mendeley Desktop/Downloaded/Conference, Archives - 2012 - Digital Cultural Heritage European targets.pdf:pdf},
pages = {2--5},
title = {{Digital Cultural Heritage: European targets}},
year = {2012}
}
@article{CONNAISSANCES2005,
author = {CONNAISSANCES, PLAG DES},
journal = {Ing\'{e}nierie des connaissances},
title = {{ING\'{E}NIERIE DES CONNAISSANCES POUR LA GESTION DES CONNAISSANCES}},
url = {http://books.google.fr/books?hl=fr\&amp;lr=\&amp;id=ANbE0RP6sCcC\&amp;oi=fnd\&amp;pg=PA273\&amp;dq=ing\%C3\%A9nierie+des+connaissances\&amp;ots=EdAXNBGy9G\&amp;sig=v1X10DiH9XuPADj9mK9QoJuo60U},
year = {2005}
}
@article{Cordier2011,
abstract = {Les mus\'{e}es des sciences et techniques et les centres de culture scientifique, technique et industrielle pr\'{e}sentent des diff\'{e}rences et des compl\'{e}mentarit\'{e}s dans la mani\`{e}re de concevoir et d’aborder le rapport entre la science et la culture : une analyse men\'{e}e \`{a} partir de recherches consacr\'{e}es \`{a} ce dispositif de diffusion de la culture scientifique et technique permet de constater une \'{e}volution de la demande sociale dans ce domaine et de mettre en lumi\`{e}re un ensemble de pratiques citoyennes participatives.},
author = {Cordier, Jean-Pierre and Dessajan, S\'{e}verine and Eidelman, Jacqueline},
doi = {10.4000/ocim.209},
file = {:home/bhervy/.local/share/data/Mendeley Ltd./Mendeley Desktop/Downloaded/Cordier, Dessajan, Eidelman - 2011 - Une culture scientifique et technique au service d’une co-construction des savoirs(2).pdf:pdf},
issn = {0994-1908},
journal = {La Lettre de l'OCIM},
keywords = {CCSTI,observation,science citoyenne,\'{e}tude de publics,\'{e}valuation},
language = {fr},
month = nov,
number = {126},
pages = {28--35},
publisher = {Office de Coop\'{e}ration et d’Information Mus\'{e}ographiques},
title = {{Une culture scientifique et technique au service d’une co-construction des savoirs}},
url = {http://ocim.revues.org/209},
year = {2011}
}
@inproceedings{Cortese2011,
author = {Cortese, Claudio and Mantegari, Glauco},
booktitle = {1st International Workshop on Semantic Digital Archives},
file = {:home/bhervy/Dropbox/Bibliographie/A\_lire/Extending the Digital Archives.pdf:pdf},
keywords = {CIDOC-CRM,OAIS,Ontologies,Postgres,Prot\'{e}g\'{e}},
mendeley-tags = {CIDOC-CRM,OAIS,Ontologies,Postgres,Prot\'{e}g\'{e}},
number = {Sda},
pages = {60--71},
title = {{Extending the Digital Archives of Italian Psychology With Semantic Data}},
year = {2011}
}
@inproceedings{Cotte2011,
address = {Paris},
author = {Cotte, M and Laroche, F},
booktitle = {17e symposium scientifique de l'ICOMOS},
keywords = {heritage},
mendeley-tags = {heritage},
title = {{Le patrimoine technoscientifique et les nouvelles techniques d'ing\'{e}nierie : des perspectives de d\'{e}veloppement et des m\'{e}tiers nouveaux}},
year = {2011}
}
@article{Cotte2009,
abstract = {Le pr\'{e}sent num\'{e}ro des Documents pour l’histoire des techniques est consacr\'{e} \`{a} la question des techniques num\'{e}riques comme outils possibles de l’histoire des sciences et des techniques, ainsi que du patrimoine industriel et de la mus\'{e}ographie des techniques. Depuis le d\'{e}but des ann\'{e}es 1990, des avanc\'{e}es importantes et rapides ont \'{e}t\'{e} effectu\'{e}es dans plusieurs directions : la num\'{e}risation des documents, la production de dessins assist\'{e}s par ordinateur, les photos num\'{e}riques, les bases de donn\'{e}es, internet, etc. Quelques historiens des techniques ont \'{e}galement envisag\'{e} l’application d’outils plus sp\'{e}cialis\'{e}s, mis au point par d’autres communaut\'{e}s, comme les maquettes tridimensionnelles des architectes, la CAO (conception assist\'{e} par ordinateur) des sciences pour l’ing\'{e}nieur, ou les SIG (syst\`{e}mes d’informations g\'{e}ographiques) des g\'{e}ographes et des urbanistes. Des usages crois\'{e}s entre ces diff\'{e}rentes techniques num\'{e}riques font aujourd’hui partie des recherches en cours, \`{a} propos notamment de l’histoire des techniques. Ce num\'{e}ro des DHT dresse une image de ces nouvelles possibilit\'{e}s de travail dans nos disciplines, \`{a} partir d’exp\'{e}riences men\'{e}es par diff\'{e}rents coll\`{e}gues au sein de diff\'{e}rentes institutions. Cet ensemble n’est pas exhaustif, mais il souhaite montrer le dynamisme actuel des usages du num\'{e}rique dans nos disciplines, le faire partager, enfin ouvrir un d\'{e}bat tant sur les perspectives que sur les nombreuses questions pos\'{e}es par ces nouveaux outils.},
author = {Cotte, Michel},
file = {:home/bhervy/.local/share/data/Mendeley Ltd./Mendeley Desktop/Downloaded/Cotte - 2009 - Les techniques num\'{e}riques et l’histoire des techniques. Le cas des maquettes virtuelles anim\'{e}es.pdf:pdf},
isbn = {978-2-9530779-4-0},
issn = {0417-8726},
journal = {Documents pour l'histoire des techniques},
keywords = {CAO,base de donn\'{e}es,computer aided design,data bases,digitals tools,histoire des sciences et des techniques,histoire des techniques,history of science,history of technology,industrial heritage,maquette,museum of technology,mus\'{e}ographie des techniques,num\'{e}rique,patrimoine industriel,r\'{e}alit\'{e} virtuelle,scale models,virtual reality,virtuel},
language = {fr},
mendeley-tags = {histoire des techniques,num\'{e}rique,virtuel},
month = dec,
number = {18},
pages = {7--21},
publisher = {CDHTE-Cnam, SeaCDHTE},
title = {{Les techniques num\'{e}riques et l’histoire des techniques. Le cas des maquettes virtuelles anim\'{e}es}},
url = {http://dht.revues.org/97},
year = {2009}
}
@article{COUDERC2000,
author = {COUDERC, P},
journal = {\ldots  et science informatiques},
title = {{Approches adaptatives en mobilit\'{e}}},
url = {http://cat.inist.fr/?aModele=afficheN\&amp;cpsidt=1432191},
year = {2000}
}
@article{Crofts2011,
author = {Crofts, Nick},
file = {:home/bhervy/Documents/CIFRE/Th\`{e}se/cidoc\_crm\_version\_5.0.4.pdf:pdf},
number = {November},
title = {{Definition of the CIDOC Conceptual Reference Model}},
year = {2011}
}
@article{D'Aquin2003,
author = {D'Aquin, M},
title = {{Un mod\`{e}le de connaissances en RDF (S) pour raisonner \`{a} partir de cas sur le Web s\'{e}mantique}},
url = {http://hal.inria.fr/view\_by\_stamp.php?label=INRIA\&amp;action\_todo=view\&amp;langue=fr\&amp;id=inria-00099480\&amp;version=1},
year = {2003}
}
@inproceedings{Dalbera2003,
address = {Paris},
author = {Dalb\'{e}ra, J.-P},
booktitle = {Actes de ICHIM 2003},
title = {{Recherche et num\'{e}risation du patrimoine culturel}},
url = {www.archimuse.com/publishing/ichim03/053C.pdf},
year = {2003}
}
@inproceedings{Dalbera2009,
author = {Dalb\'{e}ra, Jean-Pierre},
booktitle = {Le num\'{e}rique au mus\'{e}e},
pages = {30},
title = {{Innovations num\'{e}riques et institutions culturelles}},
year = {2009}
}
@article{Dalbin2003,
author = {Dalbin, S},
file = {:home/bhervy/.local/share/data/Mendeley Ltd./Mendeley Desktop/Downloaded/Dalbin - 2003 - Journ\'{e}e d'\'{e}tude ADBS. La mod\'{e}lisation pourquoi l'int\'{e}grer dans les syst\`{e}mes d'information documentaire.pdf:pdf},
journal = {Documentaliste-Sciences de l'Information},
title = {{Journ\'{e}e d'\'{e}tude ADBS. La mod\'{e}lisation: pourquoi l'int\'{e}grer dans les syst\`{e}mes d'information documentaire?}},
url = {http://www.cairn.info/article.php?ID\_ARTICLE=DOCSI\_403\_0226},
year = {2003}
}
@article{Dalbin2003,
author = {Dalbin, Sylvie},
editor = {A.D.B.S.},
issn = {0012-4508},
journal = {Documentaliste-Sciences de l'information},
pages = {226--231},
title = {{Journ\'{e}e d'\'{e}tude ADBS. La mod\'{e}lisation : pourquoi l'int\'{e}grer dans les syst\`{e}mes d'information documentaire ?}},
url = {www.cairn.info/revue-documentaliste-sciences-de-l-information-2003-3-page-226.htm. },
volume = {40},
year = {2003}
}
@article{dealliage,
author = {{De Michelis}, G. and Tinini, R.},
journal = {tribunes.com},
title = {{Alliage 50-51 courriel Culture, Science et Technique}},
url = {http://www.tribunes.com/tribune/alliage/50-51/De\_Michelis.htm}
}
@article{Desjardin2009,
author = {Desjardin, \'{E} and Runz, C De},
file = {:home/bhervy/.local/share/data/Mendeley Ltd./Mendeley Desktop/Downloaded/Desjardin, Runz - 2009 - GISSAR de la saisie de fouilles \`{a} l'analyse spatiotemporelle en arch\'{e}ologie.pdf:pdf},
title = {{GISSAR: de la saisie de fouilles \`{a} l'analyse spatiotemporelle en arch\'{e}ologie}},
url = {http://hal.archives-ouvertes.fr/hal-00584805/},
year = {2009}
}
@article{Desvallees2005,
author = {Desvall\'{e}es, Andr\'{e} and Mairesse, Fran\c{c}ois},
doi = {10.3406/pumus.2005.1377},
file = {:home/bhervy/.local/share/data/Mendeley Ltd./Mendeley Desktop/Downloaded/Desvall\'{e}es, Mairesse - 2005 - Sur la mus\'{e}ologie.pdf:pdf},
issn = {1766-2923},
journal = {Culture \& Mus\'{e}es},
language = {fre},
number = {1},
pages = {131--155},
publisher = {Pers\'{e}e - Portail des revues scientifiques en SHS},
title = {{Sur la mus\'{e}ologie}},
url = {http://www.persee.fr/web/revues/home/prescript/article/pumus\_1766-2923\_2005\_num\_6\_1\_1377},
volume = {6},
year = {2005}
}
@article{Dionissiadou1999,
author = {Dionissiadou, Ifigenia and Doerr, Martin and Stiff, Matthew},
file = {:home/bhervy/.local/share/data/Mendeley Ltd./Mendeley Desktop/Downloaded/Dionissiadou, Doerr, Stiff - 1999 - D\'{e}finition du Mod\`{e}le Conceptuel de R\'{e}f\'{e}rence du CIDOC (CRM).pdf:pdf},
journal = {Group},
title = {{D\'{e}finition du Mod\`{e}le Conceptuel de R\'{e}f\'{e}rence du CIDOC (CRM)}},
year = {1999}
}
@article{Division2003,
author = {Division, Australie and Unies, Nations},
file = {:home/bhervy/.local/share/data/Mendeley Ltd./Mendeley Desktop/Downloaded/Division, Unies - 2003 - Directives pour la sauvegarde du patrimoine numerique.pdf:pdf},
title = {{Directives pour la sauvegarde du patrimoine numerique}},
year = {2003}
}
@article{doan2003learning,
author = {Doan, A.H. and Madhavan, J. and Dhamankar, R. and Domingos, P. and Halevy, A.},
file = {:home/bhervy/.local/share/data/Mendeley Ltd./Mendeley Desktop/Downloaded/Doan et al. - 2003 - Learning to match ontologies on the Semantic Web.pdf:pdf},
journal = {The VLDB Journal},
number = {4},
pages = {303--319},
publisher = {Springer},
title = {{Learning to match ontologies on the Semantic Web}},
url = {http://www.springerlink.com/index/e897ajf7e9aeht3w.pdf},
volume = {12},
year = {2003}
}
@article{Doerr2011,
author = {Doerr, M},
journal = {Journal of Digital  \ldots},
title = {{Towards a core ontology for information integration}},
url = {http://espace.library.uq.edu.au/view/UQ:7873},
year = {2011}
}
@article{Doerr:2003,
address = {Menlo Park, CA, USA},
author = {Doerr, Martin},
file = {:home/bhervy/.local/share/data/Mendeley Ltd./Mendeley Desktop/Downloaded/Doerr - 2003 - The CIDOC conceptual reference module an ontological approach to semantic interoperability of metadata(2).pdf:pdf},
issn = {0738-4602},
journal = {AI Mag.},
month = sep,
number = {3},
pages = {75--92},
publisher = {American Association for Artificial Intelligence},
title = {{The CIDOC conceptual reference module: an ontological approach to semantic interoperability of metadata}},
url = {http://dl.acm.org/citation.cfm?id=958671.958678 http://www.aaai.org/ojs/index.php/aimagazine/article/viewArticle/1720},
volume = {24},
year = {2003}
}
@inproceedings{Doerr2007,
author = {Doerr, Martin and Ore, CE and Stead, Stephen},
booktitle = {Tutorials, posters, panels and industrial contributions at the 26th International Conference on Conceptual Modeling - ER 2007},
file = {:home/bhervy/.local/share/data/Mendeley Ltd./Mendeley Desktop/Downloaded/Doerr, Ore, Stead - 2007 - The CIDOC Conceptual Reference Model-A New Standard for Knowledge Sharing ER2007 Tutorial(2).pdf:pdf},
number = {Er},
pages = {51--56},
publisher = {ACS},
title = {{The CIDOC Conceptual Reference Model-A New Standard for Knowledge Sharing ER2007 Tutorial}},
url = {http://crpit.com/confpapers/CRPITV83Doerr.pdf},
volume = {83},
year = {2007}
}
@inproceedings{Doytsher2010,
address = {New York, New York, USA},
author = {Doytsher, Yerach and Galon, Ben and Kanza, Yaron},
booktitle = {Proceedings of the 2nd ACM SIGSPATIAL International Workshop on Location Based Social Networks - LBSN '10},
doi = {10.1145/1867699.1867707},
isbn = {9781450304344},
keywords = {geographic information systems,geosocial networking,graph database,social networks,spatial query language,spatio-social applications},
month = nov,
pages = {39},
publisher = {ACM Press},
title = {{Querying geo-social data by bridging spatial networks and social networks}},
url = {http://dl.acm.org/citation.cfm?id=1867699.1867707},
year = {2010}
}
@inproceedings{Doytsher2012,
address = {Lyon},
author = {Doytsher, Yerach and Galon, Ben and Kanza, Yaron},
booktitle = {1st International Workshop on Large Scale Network Analysis - WWW 2012},
publisher = {ACM},
title = {{Managing Socio-spatial Data as Large Graphs}},
url = {http://lsnaworkshop.netii.net/papers.html\#papers},
year = {2012}
}
@article{Duigou2011,
author = {Duigou, Julien Le and Bernard, Alain and Perry, Nicolas and Nantes, Ecole Centrale De},
doi = {10.3722/cadaps.2011.xxx-yyy},
file = {:home/bhervy/.local/share/data/Mendeley Ltd./Mendeley Desktop/Downloaded/Duigou et al. - 2011 - Framework for Product Lifecycle Management integration in Small and Medium Enterprises networks.pdf:pdf},
journal = {Computer-Aided Design},
keywords = {10,2011,3722,cadaps,doi,enterprise modeling,information system,plm,xxx-yyy},
title = {{Framework for Product Lifecycle Management integration in Small and Medium Enterprises networks}},
volume = {8},
year = {2011}
}
@article{Dumas2000,
author = {Dumas, M},
journal = {These de doctorat, Universit\'{e} Joseph Fourier \ldots},
title = {{TEMPOS: une plate-forme pour le d\'{e}veloppement d'applications temporelles au dessus de SGBDa objets}},
url = {http://en.scientificcommons.org/57340362},
year = {2000}
}
@article{Dumez2010,
author = {Dumez, C},
file = {:home/bhervy/.local/share/data/Mendeley Ltd./Mendeley Desktop/Downloaded/Dumez - 2010 - Approche dirig\'{e}e par les modeles pour la sp\'{e}cification, la v\'{e}rification formelle et la mise en \oe uvre de services Web compos\'{e}s.pdf:pdf},
title = {{Approche dirig\'{e}e par les modeles pour la sp\'{e}cification, la v\'{e}rification formelle et la mise en \oe uvre de services Web compos\'{e}s}},
url = {http://hal.archives-ouvertes.fr/tel-00515130/},
year = {2010}
}
@article{Educational2011,
author = {Educational, United Nations and Organisation, Cultural and Committee, Intergovernmental and The, F O R and Of, Protection and Cultural, World and Heritage, Natural and Centre, World Heritage},
file = {:home/bhervy/.local/share/data/Mendeley Ltd./Mendeley Desktop/Downloaded/Educational et al. - 2011 - Operational Guidelines for the Implementation of the World Heritage Convention.pdf:pdf},
journal = {Heritage},
number = {November},
title = {{Operational Guidelines for the Implementation of the World Heritage Convention}},
year = {2011}
}
@inproceedings{Ermine2004,
address = {Paris, France},
author = {Ermine, Jean-louis and Pauget, Bertrand and Beretti, Annie and Tortorici, Gilbert and National, Institut},
booktitle = {Sources et ressources pour les sciences sociales},
file = {:home/bhervy/.local/share/data/Mendeley Ltd./Mendeley Desktop/Downloaded/Ermine et al. - 2004 - Histoire et Ing\'{e}nierie des Connaissances.pdf:pdf},
title = {{Histoire et Ing\'{e}nierie des Connaissances}},
url = {http://hal.archives-ouvertes.fr/hal-00432738/},
year = {2004}
}
@article{Ese2006,
author = {Ese, T H},
file = {:home/bhervy/.local/share/data/Mendeley Ltd./Mendeley Desktop/Downloaded/Ese - 2006 - ` th ese.pdf:pdf},
journal = {Recherche},
title = {` th ese},
year = {2006}
}
@article{Ese2002,
author = {Ese, T H},
file = {:home/bhervy/.local/share/data/Mendeley Ltd./Mendeley Desktop/Downloaded/Ese - 2002 - Doctorat de l’universit´ e Claude Bernard – Lyon 1.pdf:pdf},
title = {{Doctorat de l’universit´ e Claude Bernard – Lyon 1}},
year = {2002}
}
@incollection{Euzenat2001,
author = {Euzenat, J\'{e}r\^{o}me},
booktitle = {Ing\'{e}nierie et capitalisation des connaissances},
editor = {Zacklad, Manuel and Grundstein, Michel},
file = {:home/bhervy/.local/share/data/Mendeley Ltd./Mendeley Desktop/Downloaded/Euzenat - 2001 - Construction collaborative de bases de connaissances et de documents pour la capitalisation.pdf:pdf},
keywords = {capitalization,collaboration,knowledge based system},
mendeley-tags = {capitalization,collaboration,knowledge based system},
pages = {25--48},
publisher = {Herm\`{e}s},
title = {{Construction collaborative de bases de connaissances et de documents pour la capitalisation}},
volume = {2001},
year = {2001}
}
@article{Factory,
author = {Factory, Antidot Information},
file = {:home/bhervy/.local/share/data/Mendeley Ltd./Mendeley Desktop/Downloaded/Factory - Unknown - \^{E}tes-vous s\^{u}r d’exploiter pleinement le potentiel informationnel de votre organisation.pdf:pdf},
title = {{\^{E}tes-vous s\^{u}r d’exploiter pleinement le potentiel informationnel de votre organisation ?}}
}
@article{Fauvet1997a,
author = {Fauvet, Marie-Christine and Canavaggio, Jean-Fran\c{c}ois and Scholl, Pierre-claude},
file = {:home/bhervy/.local/share/data/Mendeley Ltd./Mendeley Desktop/Downloaded/Fauvet, Canavaggio, Scholl - 1997 - Modeling Histories in Object DBMS(2).pdf:pdf},
journal = {IN PROC. OF THE 8TH INTERNATIONAL CONFERENCE ON DATABASE AND EXPERT SYSTEMS APPLICATIONS (DEXA},
title = {{Modeling Histories in Object DBMS}},
url = {http://citeseerx.ist.psu.edu/viewdoc/summary?doi=10.1.1.21.1905},
year = {1997}
}
@article{Fauvet1997,
address = {Berlin/Heidelberg},
author = {Fauvet, Marie-Christine and Canavaggio, Jean-Fran\c{c}ois and Scholl, Pierre-Claude and Hameurlain, Abdelkader and Tjoa, A},
doi = {10.1007/BFb0022012},
editor = {Hameurlain, Abdelkader and Tjoa, A Min},
isbn = {3-540-63478-9},
journal = {Database and Expert Systems Applications},
keywords = {Computer Science},
pages = {112--121},
publisher = {Springer-Verlag},
series = {Lecture Notes in Computer Science},
title = {{Modeling histories in object DBMS}},
url = {http://www.springerlink.com/content/w11p191071054223/},
volume = {1308},
year = {1997}
}
@article{Fayyad1996,
author = {Fayyad, U and Piatetsky-Shapiro, G and Smyth, P},
file = {:home/bhervy/.local/share/data/Mendeley Ltd./Mendeley Desktop/Downloaded/Fayyad, Piatetsky-Shapiro, Smyth - 1996 - From data mining to knowledge discovery in databases.pdf:pdf},
journal = {AI magazine},
title = {{From data mining to knowledge discovery in databases}},
url = {http://www.aaai.org/ojs/index.php/aimagazine/article/viewArticle/1230},
year = {1996}
}
@inproceedings{Felicetti2008,
abstract = {This paper describes the background and methods for the production of CIDOC-CRM compliant data sets from diverse collections of source data. The construction of such data sets is based on data in column format, typically exported for databases, as well as free text, typically created through scanning and OCR processing or transcription.},
author = {Felicetti, A and Ore, C E and Holmen, J},
booktitle = {EPOCH Conference on OpenDigital Cultural Heritage Systems},
editor = {Arnold, David and Franco, Niccolucci and Pletinckx, Daniel and {Van Gool}, Luc},
file = {:home/bhervy/Dropbox/Bibliographie/A\_lire/05 Procedures Data Integration.pdf:pdf},
keywords = {CIDOC-CRM,Cultural heritage},
mendeley-tags = {CIDOC-CRM,Cultural heritage},
pages = {1--7},
title = {{Encoding Cultural Heritage Information for the Semantic Web. Procedures for Data Integration through CIDOC-CRM Mapping}},
year = {2008}
}
@article{Fierstone2003,
author = {Fierstone, J},
journal = {\ldots  interne, Rapport de recherche, Laboratoire I3S— \ldots},
title = {{Architecture logicielle pour l'adaptation et la composition d'IHM-mise en oeuvre avec le langage SUNML}},
url = {http://scholar.google.fr/scholar?start=10\&q=ubiquit\'{e}+informatique\&hl=fr\&as\_sdt=0,5\#9},
year = {2003}
}
@article{Fleury1997,
author = {Fleury, P},
file = {:home/bhervy/.local/share/data/Mendeley Ltd./Mendeley Desktop/Downloaded/Fleury - 1997 - La Rome Antique sur l'Internet.pdf:pdf},
journal = {Revue Informatique et Statistique dans les Sciences Humaines},
keywords = {ancient rome,architecture,c1\'{e}s,classical philo-,i,image de synth\`{e}se,internet,ity,lofs,log,r\'{e}alit\'{e} vir-,synthesis of images,town planning,virtual rcal-},
pages = {146--162},
title = {{La Rome Antique sur l'Internet}},
volume = {33},
year = {1997}
}
@inproceedings{Flynn2008,
author = {Flynn, B},
booktitle = {Information Visualisation, 2008. IV'08. 12th International Conference},
file = {:home/bhervy/.local/share/data/Mendeley Ltd./Mendeley Desktop/Downloaded/Flynn - 2008 - Augmented visualisation Designing experience for an interpretative cultural heritage(2).pdf:pdf},
pages = {447 -- 452},
publisher = {IEEE},
title = {{Augmented visualisation: Designing experience for an interpretative cultural heritage}},
url = {http://ieeexplore.ieee.org/xpls/abs\_all.jsp?arnumber=4577986},
year = {2008}
}
@article{France2001,
author = {France, En},
file = {:home/bhervy/.local/share/data/Mendeley Ltd./Mendeley Desktop/Downloaded/France - 2001 - Le traitement des collections industrielles et techniques, de la connaissance \`{a} la diffusion.pdf:pdf},
pages = {13--18},
title = {{Le traitement des collections industrielles et techniques, de la connaissance \`{a} la diffusion}},
year = {2001}
}
@article{Frischer2008,
author = {Frischer, B},
file = {:home/bhervy/.local/share/data/Mendeley Ltd./Mendeley Desktop/Downloaded/Frischer - 2008 - The Rome Reborn Project.pdf:pdf},
journal = {How technology is helping us to study history.  \ldots},
title = {{The Rome Reborn Project.}},
url = {http://www.romereborn.virginia.edu/rome\_reborn\_2\_documents/papers/Frischer\_OpEd\_final2.pdf},
year = {2008}
}
@article{Gabellone2009,
abstract = {This paper describes the use of integrated methods for the creation of three-dimensional models using laser scanning techniques, digital photogrammetry, 3D photomodelling and direct surveying. The three-dimensional models established using these methods constitute the basis for the construction of advanced information platform, able to represent the buildings under study with great accuracy at various scales, including both detailed elements and the monumental arrangement as a whole, as well as the textural features of the internal and external surfaces. The main aim of our studies is to enable the public to enjoy the results of archaeological and historical researches, via the web or stand-alone products, and to “virtually visit” the monuments using RealTime 3D visiting systems. As well as showing the current state of the monuments, the visit includes reconstructions of previous phases in their history and examples of virtual restorations of the wall paintings. All the textures were obtained by processes of photomodelling and were applied to the geometrical forms in accordance with the radiosity algorithm, with lights and shadows of the ‘area’ type. The result of this integrated approach is extremely life-like, almost indistinguishable from reality.},
author = {Gabellone, Francesco},
doi = {10.1016/j.culher.2009.10.001},
file = {:home/bhervy/.local/share/data/Mendeley Ltd./Mendeley Desktop/Downloaded/Gabellone - 2009 - Ancient contexts and virtual reality From reconstructive study to the construction of knowledge models.pdf:pdf},
issn = {12962074},
journal = {Journal of Cultural Heritage},
keywords = {3d modelling,Virtual reality,archaeology,cultural heritage,example,knowledge,photomodelling,photorealism,realtime 3d,virtual heritage,virtual visit},
mendeley-tags = {Virtual reality,cultural heritage,example,knowledge},
month = dec,
pages = {e112--e117},
title = {{Ancient contexts and virtual reality: From reconstructive study to the construction of knowledge models}},
url = {http://dx.doi.org/10.1016/j.culher.2009.10.001},
volume = {10},
year = {2009}
}
@article{Gaitatzes2002,
author = {Gaitatzes, Athanasios and Christopoulos, Dimitrios and Roussou, Maria},
file = {:home/bhervy/.local/share/data/Mendeley Ltd./Mendeley Desktop/Downloaded/Gaitatzes, Christopoulos, Roussou - 2002 - Reviving the past Cultural Heritage meets Virtual Reality.pdf:pdf},
isbn = {1581134479},
journal = {Heritage},
keywords = {computer archaeology,cultural heritage,educa-,immersion,tion,virtual reality},
pages = {103--110},
title = {{Reviving the past: Cultural Heritage meets Virtual Reality}},
year = {2002}
}
@article{Gandon2008,
author = {Gandon, F and Corby, O},
file = {:home/bhervy/.local/share/data/Mendeley Ltd./Mendeley Desktop/Downloaded/Gandon, Corby - 2008 - Distances s\'{e}mantiques dans des applications de gestion d'in-formation utilisant le web s\'{e}mantique.pdf:pdf},
journal = {\ldots  de similarit\'{e} s\'{e}mantique},
title = {{Distances s\'{e}mantiques dans des applications de gestion d'in-formation utilisant le web s\'{e}mantique.}},
url = {http://www-sop.inria.fr/members/Fabien.Gandon/docs/egc\_2008/GandonEtAl\_SEMSIM08.pdf},
year = {2008}
}
@article{Gandon2002,
author = {Gandon, F and Dieng-Kuntz, R},
journal = {Journ\'{e}es Ing\'{e}nierie des  \ldots},
title = {{Web s\'{e}mantique et approche multi-agents pour la gestion d'une m\'{e}moire organisationnelle distribu\'{e}e}},
url = {http://citeseerx.ist.psu.edu/viewdoc/download?doi=10.1.1.6.1229\&amp;rep=rep1\&amp;type=pdf},
year = {2002}
}
@article{Garlatti2004,
author = {Garlatti, Serge and Pri\'{e}, Yannick},
file = {:home/bhervy/.local/share/data/Mendeley Ltd./Mendeley Desktop/Downloaded/Unknown - 2004 - Adaptation et personnalisation dans le Web s\'{e}mantique.pdf:pdf},
journal = {Interaction, Intelligence, Information},
keywords = {web s\'{e}mantique},
mendeley-tags = {web s\'{e}mantique},
title = {{Adaptation et personnalisation dans le Web s\'{e}mantique}},
url = {http://www.irit.fr/journal-i3/hors\_serie/annee2004/revue\_i3\_hs2004\_01\_06.pdf},
volume = {Hors s\'{e}rie},
year = {2004}
}
@article{Garrido2005,
author = {Garrido, Piedad and Coll, Manuel},
file = {:home/bhervy/.local/share/data/Mendeley Ltd./Mendeley Desktop/Downloaded/Garrido, Coll - 2005 - CONDITOR 1 Topic Maps and DITA labelling tool for textual documents with historical information.pdf:pdf},
journal = {Interface},
keywords = {cultural heritage,dita,historical information,jpox,lucene,object-oriented databases,topic maps,xtm},
number = {Sigel 2000},
title = {{CONDITOR 1 : Topic Maps and DITA labelling tool for textual documents with historical information}},
year = {2005}
}
@article{Garzotto2004,
author = {Garzotto, F and Paolini, P},
file = {:home/bhervy/.local/share/data/Mendeley Ltd./Mendeley Desktop/Downloaded/Garzotto, Paolini - 2004 - Ubiquitous access to cultural tourism portals.pdf:pdf},
journal = {Database and  \ldots},
title = {{Ubiquitous access to cultural tourism portals}},
url = {http://ieeexplore.ieee.org/xpls/abs\_all.jsp?arnumber=1333451},
year = {2004}
}
@book{Gauthiez,
author = {Gauthiez, Bernard},
isbn = {2858227357},
keywords = {espace urbain,port,ville,vocabulaire},
mendeley-tags = {espace urbain,port,ville,vocabulaire},
publisher = {Centre des monuments nationaux},
title = {{Espace urbain : Vocabulaire et morphologie}},
url = {http://www.amazon.fr/Espace-urbain-Vocabulaire-Bernard-Gauthiez/dp/2858227357}
}
@article{Gayrai1992,
author = {Gayrai, Franqoise Laboratoire and Paris-nord, Grandemange and Cl, Jean-baptiste},
file = {:home/bhervy/.local/share/data/Mendeley Ltd./Mendeley Desktop/Downloaded/Gayrai, Paris-nord, Cl - 1992 - Une ontologie du temps pour le langage naturel.pdf:pdf},
journal = {No\^{u}s},
title = {{Une ontologie du temps pour le langage naturel}},
year = {1992}
}
@article{Genet1992,
abstract = {Pers\'{e}e est un programme de publication \'{e}lectronique de revues scientifiques en sciences humaines et sociales. L'int\'{e}gralit\'{e} des collections imprim\'{e}es de revues est num\'{e}ris\'{e}e et mise en ligne sur un portail qui offre un acc\`{e}s \`{a} l'ensemble de ces collections et des possibilit\'{e}s avanc\'{e}es d'exploitation de ces corpus num\'{e}ris\'{e}s. Les revues font l'objet d'une s\'{e}lection pour garantir la coh\'{e}rence de l'offre \'{e}ditoriale et scientifique du portail. / Pers\'{e}e is a program which was created for the digital publication of scientific journals in the field of the humanities. The entire printed collection of journals is digitized and published online through a portal which offers access to the collections as well as advanced functionalities which facilitate and enhance use of the portal's resources. The journals are selected by an editorial board, thereby guaranteeing the collection's scientific coherence.},
author = {Genet, Jean-Philippe},
doi = {10.3406/hism.1992.1591},
file = {:home/bhervy/.local/share/data/Mendeley Ltd./Mendeley Desktop/Downloaded/Genet - 1992 - Calcul ou logicisme \`{A} propos d'un ouvrage r\'{e}cent.pdf:pdf},
issn = {0982-1783},
journal = {Histoire \& Mesure},
keywords = {IA,SHS},
language = {fre},
mendeley-tags = {IA,SHS},
number = {1},
pages = {171--179},
publisher = {Pers\'{e}e - Portail des revues scientifiques en SHS},
title = {{Calcul ou logicisme ? \`{A} propos d'un ouvrage r\'{e}cent}},
url = {http://www.persee.fr/web/revues/home/prescript/article/hism\_0982-1783\_1992\_num\_7\_1\_1591},
volume = {7},
year = {1992}
}
@article{Gill2004,
author = {Gill, T},
journal = {First Monday},
title = {{Building semantic bridges between museums, libraries and archives: The CIDOC Conceptual Reference Model}},
url = {http://frodo.lib.uic.edu/ojsjournals/index.php/fm/article/view/1145},
year = {2004}
}
@article{Goarrin2011,
author = {Goarrin, Elsa},
file = {:home/bhervy/.local/share/data/Mendeley Ltd./Mendeley Desktop/Downloaded/Goarrin - 2011 - De la num\'{e}risation \`{a} l’interaction.pdf:pdf},
title = {{De la num\'{e}risation \`{a} l’interaction}},
year = {2011}
}
@article{Goerz2008,
author = {Goerz, G},
file = {:home/bhervy/.local/share/data/Mendeley Ltd./Mendeley Desktop/Downloaded/Goerz - 2008 - An implementation of the CIDOC Conceptual Reference Model (4.2. 4) in OWL-DL.pdf:pdf},
journal = {Proceedings of the 2008  \ldots},
title = {{An implementation of the CIDOC Conceptual Reference Model (4.2. 4) in OWL-DL}},
url = {http://erlangen-crm.org/docs/crm\_owl\_cidoc2008.pdf},
year = {2008}
}
@article{GRADE2003,
author = {GRADE, DED LE},
file = {:home/bhervy/.local/share/data/Mendeley Ltd./Mendeley Desktop/Downloaded/GRADE - 2003 - Gestion des connaissances dans une base de documents multim\'{e}dias.pdf:pdf},
title = {{Gestion des connaissances dans une base de documents multim\'{e}dias}},
url = {http://theses.insa-lyon.fr/publication/2003ISAL0055/these.pdf},
year = {2003}
}
@article{Grenoble2005,
author = {Grenoble, Structures De},
file = {:home/bhervy/.local/share/data/Mendeley Ltd./Mendeley Desktop/Downloaded/Grenoble - 2005 - Vers de nouvelles methodes de simulation des operations d’assemblage evaluation d’assemblage de pieces flexibles dans un environnement de rv.pdf:pdf},
pages = {1--13},
title = {{Vers de nouvelles methodes de simulation des operations d’assemblage : evaluation d’assemblage de pieces flexibles dans un environnement de rv}},
year = {2005}
}
@article{gruber1995toward,
author = {Gruber, T.R. R and Others},
file = {:home/bhervy/.local/share/data/Mendeley Ltd./Mendeley Desktop/Downloaded/Unknown - Unknown - Gruber paper.pdf.pdf:pdf},
journal = {International journal of human computer studies},
number = {5},
pages = {907--928},
publisher = {London; San Diego: Academic Press, c1994-},
title = {{Toward principles for the design of ontologies used for knowledge sharing}},
url = {http://www.civ.utoronto.ca/sect/coneng/i2c/Civ1283/Civ1283-Ref-Final/Civ1283-Advanced Ref/Ontology/Gruber paper.pdf http://www.civ.utoronto.ca/sect/coneng/i2c/Civ1283/Civ1283-Ref-Final/Civ1283-Advanced Ref/Ontology/Gruber paper.pdf},
volume = {43},
year = {1995}
}
@article{grüninger1995methodology,
author = {Gr\"{u}ninger, M. and Fox, M.S.},
publisher = {Citeseer},
title = {{Methodology for the Design and Evaluation of Ontologies}},
url = {http://citeseerx.ist.psu.edu/viewdoc/summary?doi=10.1.1.44.8723},
year = {1995}
}
@article{Guarino1997,
author = {Guarino, N},
journal = {International Journal of Human Computer Studies},
title = {{Understanding, building and using ontologies}},
url = {http://cs.umbc.edu/771/papers/vanHeijst.pdf.Z},
year = {1997}
}
@article{Guarino1995,
author = {Guarino, N and Giaretta, P},
journal = {Towards Very Large Knowledge Bases},
number = {9},
pages = {25--32},
publisher = {IOS Press},
title = {{Ontologies and Knowledge Bases Towards a Terminological Clarification}},
url = {http://www.cs.umbc.edu/courses/771/papers/KBKS95.pdf.Z},
volume = {1},
year = {1995}
}
@article{Guarino1995a,
author = {Guarino, Nicolas and Giaretta, Pierdaniele},
file = {:home/bhervy/.local/share/data/Mendeley Ltd./Mendeley Desktop/Downloaded/Unknown - 1995 - Ontologies and knowledge bases.pdf:pdf},
journal = {Towards very large knowledge bases},
keywords = {knowledge,ontology},
mendeley-tags = {knowledge,ontology},
title = {{Ontologies and Knowledge Bases. Towards a Terminological Clarification.}},
url = {http://www.cs.umbc.edu/courses/771/papers/KBKS95.pdf.Z},
year = {1995}
}
@inproceedings{GuilletB1999,
address = {Nantes},
author = {{Guillet B} and {Huron L} and {Kerouanton J.-L}},
booktitle = {"Des villes, des ports : la mer, les hommes" : 124e congr\`{e}s des soci\'{e}t\'{e}s historiques et scientifiques},
editor = {{Manneville P}},
publisher = {\'{E}ditions du CTHS, 2001},
title = {{La maquette du port de Nantes}},
year = {1999}
}
@phdthesis{Diriger2006,
author = {Guillet, Fabrice},
booktitle = {Gestion},
file = {:home/bhervy/.local/share/data/Mendeley Ltd./Mendeley Desktop/Downloaded/Diriger, Recherches - 2006 - Qualit\'{e}, Fouille et Gestion de Connaissances.pdf:pdf},
title = {{Qualit\'{e}, Fouille et Gestion de Connaissances}},
year = {2006}
}
@misc{Guittet,
author = {Guittet, Laurent and Pierra, G.},
keywords = {Abstracci\'{o}n,Abstraction,Compilaci\'{o}n,Compilation,Computer aided design,Concepci\'{o}n asistida,Conception assist\'{e}e,Description formelle,Graphics,Interactive graphic interface,Interactive system,Interface graphique interactive,Interface homme machine,Interface utilisateur,Interfase usuario,Man machine interface,Mod\`{e}le architecture,Representaci\'{o}n gr\'{a}fica,Repr\'{e}sentation graphique,Sistema conversacional,Syst\`{e}me conversationnel,User interface},
title = {{Contribution \`{a} l'ing\'{e}nierie des interfaces homme machine th\'{e}orie des interacteurs et architecture H4 dans le syst\`{e}me Nodaoo = Contribution to the engineerieng of man-machine interfaces interactor's theorie and H4 architecture in the Nodaoo system}},
url = {http://cat.inist.fr/?aModele=afficheN\&cpsidt=169184}
}
@article{Gullino2012,
abstract = {Since 2005, Outstanding Universal Value (OUV) is the standard by which United Nations Educational Scientific and Cultural Organization (UNESCO) evaluates world cultural heritage site suitability. The sites worthy of UNESCO preservation as well as the parameters used to demonstrate OUV are diverse. Our study focused on the uniquely distinguished rural landscape sites and the OUV parameter of integrity. Integrity however, is an elusive concept for which UNESCO provides no definitional protocol, and for which the scientific community objects to a static or pure historical interpretation. Given this, our work aims to analyse the concept of integrity and how it can be used to preserve the heritage of rural landscapes. After reviewing the UNESCO approach, we focused on the international scientific debate on the meaning and application of integrity. We designed and conducted a comparative study of UNESCO rural landscapes selected from the 2011 World Heritage List. Documents describing the historical, rural, and agro-ecological features of each of the fourteen rural sites were analysed. From this, several historical and ecological parameters were chosen as “values to have” and several socio-economic and management parameters were chosen as “values to maintain” to assess the integrity of each landscape. Our results found integrity to be a value of both cultural and natural landscapes and that it is key to site identity. We demonstrated that UNESCO assigns a high value to the following parameters: historical features, traditional crops and local products, land-use and agricultural practice permanence, and the presence of architecture related to agricultural activity. Finally, we found the relationship between culture and nature to characterize best the integrity of a rural landscape, rather than nature or culture alone.},
author = {Gullino, Paola and Larcher, Federica},
doi = {10.1016/j.culher.2012.10.005},
issn = {12962074},
journal = {Journal of Cultural Heritage},
keywords = {UNESCO,agriculture,conservation,cultural heritage,history,integrity,management,parameters,tradition},
mendeley-tags = {UNESCO,cultural heritage,integrity},
month = nov,
title = {{Integrity in UNESCO World Heritage Sites. A comparative study for rural landscapes}},
url = {http://dx.doi.org/10.1016/j.culher.2012.10.005},
year = {2012}
}
@inproceedings{Hatchuel2002a,
address = {Lyon},
author = {Hatchuel, Armand and Weil, Beno\^{\i}t},
booktitle = {Colloque Sciences de la conception},
file = {:home/bhervy/.local/share/data/Mendeley Ltd./Mendeley Desktop/Downloaded/Hatchuel, Weil - 2002 - La th\'{e}orie C-K.pdf:pdf},
keywords = {C-K,design theory},
mendeley-tags = {C-K,design theory},
pages = {1--24},
title = {{La th\'{e}orie C-K : Fondements et usages d’une th\'{e}orie unifi\'{e}e de la conception.}},
year = {2002}
}
@inproceedings{Hatchuel2002,
author = {Hatchuel, Armand and Weil, Beno\^{\i}t},
booktitle = {Herbert Simon International Conference on "Design Sciences"},
file = {:home/bhervy/.local/share/data/Mendeley Ltd./Mendeley Desktop/Downloaded/Hatchuel, Weil - 2002 - C-K theory Notions and applications of a unified design theory.pdf:pdf},
keywords = {C-K,KM,design theory,innovation,problem solving theory},
mendeley-tags = {C-K,KM,design theory},
pages = {1--22},
title = {{C-K theory : Notions and applications of a unified design theory}},
year = {2002}
}
@inproceedings{Hervy2012,
address = {Les Ulis, France},
author = {Hervy, Benjamin and Billen, Roladn and Laroche, Florent and Carr\'{e}, Cyril and Servi\`{e}res, Myriam and {Van Ruymbeke}, Muriel and Tourre, Vincent and Delfosse, Vincent and Kerouanton, Jean-Louis},
booktitle = {Usage, Usability, and Utility of 3D City Models – European COST Action TU0801},
doi = {10.1051/3u3d/201202009},
editor = {Leduc, T. and Moreau, G. and Billen, R.},
isbn = {978-2-7598-0798-7},
month = oct,
pages = {02009},
publisher = {EDP Sciences},
title = {{A generalized approach for historical mock-up acquisition and data modelling: Towards historically enriched 3D city models}},
url = {http://3u3d.edpsciences.org/10.1051/3u3d/201202009},
year = {2012}
}
@article{Hiebel2009,
author = {Hiebel, Gerald and Hanke, Klaus and Hayek, Ingrid},
file = {:home/bhervy/.local/share/data/Mendeley Ltd./Mendeley Desktop/Downloaded/Hiebel, Hanke, Hayek - 2009 - Prototype of a CIDOC-CRM implementation in a relational database with GIS interface.pdf:pdf},
journal = {Data Management},
title = {{Prototype of a CIDOC-CRM implementation in a relational database with GIS interface}},
year = {2009}
}
@article{Holtey2011,
abstract = {Ce qui tout d’abord frappe le lecteur dans l’article de Heinz Dieter Kittsteiner, c’est l’emploi de nombreuses illustrations dans un texte qui, par son titre, se pr\'{e}sente comme une analyse th\'{e}orique. Comme s’il avait voulu prendre au pied de la lettre le terme central du titre du livre collectif : Geschichtsbilder, images d’histoire, dans lequel s’ins\`{e}re son texte. Heinz Dieter Kittsteiner prend ainsi comme point de d\'{e}part de sa r\'{e}flexion la d\'{e}finition du temps, telle qu’elle f\^{u}t formul\'{e}e en ...},
author = {Holtey, Ingrid},
file = {:home/bhervy/.local/share/data/Mendeley Ltd./Mendeley Desktop/Downloaded/Holtey - 2011 - Th\'{e}orie de l’histoire et repr\'{e}sentations du temps contradictoires \`{a} propos d’une \'{e}tude de Heinz Dieter Kittsteiner.pdf:pdf},
issn = {1963-1820},
journal = {Trivium},
keywords = {Beschleunigung des Lebenstempos,Kittsteiner,acc\'{e}l\'{e}ration du rythme de vie,conceptions cyclique et lin\'{e}aire de l’histoire,geschichtliche Zeit,temps historique,zyklische und lineare Vorstellungen der Geschichte},
language = {fr},
month = nov,
number = {9},
publisher = {Fondation Maison des sciences de l'Homme},
title = {{Th\'{e}orie de l’histoire et repr\'{e}sentations du temps contradictoires : \`{a} propos d’une \'{e}tude de Heinz Dieter Kittsteiner}},
url = {http://trivium.revues.org/4088},
year = {2011}
}
@misc{Houdin2007,
author = {Houdin, J.-P},
title = {{3D unveils the mystery of the great pyramid}},
url = {http://www.3ds.com/company/passion-for-innovation/the-projects/khufu-reborn/khufu-reborn/},
year = {2007}
}
@article{hourdin2006ubiquarium,
author = {Hourdin, V. and Cheung-Foo-Wo, D. and Lavirotte, S. and Tigli, J.Y.},
journal = {Paris, France},
pages = {5--8},
title = {{$\backslash$guillemotleftUbiquarium Informatique: Une plate-forme pour l'\'{e}tude des \'{e}quipements informatiques mobiles en environnement simul\'{e}$\backslash$guillemotright dans les actes des Troisi\`{e}mes Journ\'{e}es Francophones Mobilit\'{e} et Ubiquit\'{e} (UbiMob)}},
url = {http://scholar.google.fr/scholar?q=ubiquit\'{e}+informatique\&hl=fr\&btnG=Rechercher\&lr=\#0},
year = {2006}
}
@article{Hunter2011,
author = {Hunter, J},
journal = {Museums and the Web 2002},
title = {{Combining the CIDOC CRM and MPEG-7 to Describe Multimedia in Museums}},
url = {http://www.eric.ed.gov/ERICWebPortal/search/detailmini.jsp?\_nfpb=true\&\_\&ERICExtSearch\_SearchValue\_0=ED482096\&ERICExtSearch\_SearchType\_0=no\&accno=ED482096},
year = {2011}
}
@article{Ilevbare2013,
abstract = {TRIZ (the theory of inventive problem solving) has been promoted by several enthusiasts as a systematic methodology or toolkit that provides a logical approach to developing creativity for innovation and inventive problem solving. The methodology, which emerged from Russia in the 1960s, has spread to over 35 countries across the world. It is now being taught in several universities and it has been applied by a number of global organisations who have found it particularly useful for spurring new product development. However, while its popularity and attractiveness appear to be on a steady increase, there are practical issues which make the use of TRIZ in practice particularly challenging. These practical difficulties have largely been neglected by TRIZ literature. This paper takes a step away from conventional TRIZ literature, by exploring not just the benefits associated with TRIZ knowledge, but the challenges associated with its acquisition and application based on practical experience. Through a survey, first-hand information is collected from people who have tried (successfully and unsuccessfully) to understand and apply the methodology. The challenges recorded cut across a number of issues, ranging from the complex nature of the methodology to underlying organisational and cultural issues which hinder its understanding and application. Another contribution of this paper, potentially useful for TRIZ beginners, is the indication of what tools among the several contained in the TRIZ toolkit would be most useful to learn first, based on their observed degree of usage by the survey respondents.},
author = {Ilevbare, Imoh M. and Probert, David and Phaal, Robert},
doi = {10.1016/j.technovation.2012.11.003},
issn = {01664972},
journal = {Technovation},
keywords = {TRIZ,creativity,innovation,practical challenges,triz},
mendeley-tags = {TRIZ},
month = feb,
number = {2-3},
pages = {30--37},
title = {{A review of TRIZ, and its benefits and challenges in practice}},
url = {http://dx.doi.org/10.1016/j.technovation.2012.11.003},
volume = {33},
year = {2013}
}
@article{Informatique2005,
author = {Informatique, Mention},
file = {:home/bhervy/.local/share/data/Mendeley Ltd./Mendeley Desktop/Downloaded/Informatique - 2005 - Damien Pollet.pdf:pdf},
journal = {Cycle},
title = {{Damien Pollet}},
year = {2005}
}
@phdthesis{Isaksen2011,
abstract = {This thesis explores the application of Semantic Web technologies to the discipline of Archaeology. Part One (Chapters 1–3) offers a discussion of historical developments in this field. It begins with a general comparison of the supposed benefits of semantic technologies and notes that they partially align with the needs of archaeologists. This is followed by a literature review which identifies two different perspectives on the Se- mantic Web: Mixed-Source Knowledge Representation (MSKR), which focuses on data interoperability between closed systems, and Linked Open Data (LOD), which connects decentralized, open resources. Part One concludes with a survey of 40 Cultural Heritage projects that have used semantic technologies and finds that they are indeed divided between these two visions. Part Two (Chapters 4–7) uses a case study, Roman Port Networks, to explore ways of facilitating MSKR. Chapter 4 describes a simple ontology and vocabulary framework, by means of which independently produced digital datasets pertaining to amphora finds at Roman harbour sites can be combined. The following chapters describe two entirely different approaches to converting legacy data to an ontology-compliant semantic for- mat. The first, TRANSLATION, uses a ‘Wizard’-style toolkit. The second, Introducing Semantics, is a wiki-based cookbook. Both methods are evaluated and found to be technically capable but socially impractical. The final chapter argues that the reason for this impracticality is the small-to-medium scale typical of MSKR projects. This does not allow for sufficient analytical return on the high level of investment required of project partners to convert and work with data in a new and unfamiliar format. It further argues that the scale at which such investment pays off is only likely to arise in an open and decentralized data landscape. Thus, for Archaeology to benefit from semantic technologies would require a severe sociological shift from current practice towards openness and decentralization. Whether such a shift is either desirable or feasible is raised as a topic for future work.},
author = {Isaksen, Leif},
file = {:home/bhervy/Dropbox/Bibliographie/A\_lire/Thesis\_Isaksen.pdf:pdf},
keywords = {Arch\'{e}ologie,KM,WS,archaeology,knowldege management,ontologies,semantic web},
mendeley-tags = {Arch\'{e}ologie,KM,WS},
pages = {260},
school = {University of Southampton},
title = {{Archaeology and the Semantic Web}},
url = {http://eprints.soton.ac.uk/206421/},
year = {2011}
}
@article{Issues,
author = {Issues, Open and Models, Reference},
file = {:home/bhervy/.local/share/data/Mendeley Ltd./Mendeley Desktop/Downloaded/Issues, Models - Unknown - Doctoral dissertation.pdf:pdf},
journal = {Traitement du Signal},
title = {{Doctoral dissertation}}
}
@inproceedings{Janowicz2009,
address = {York},
author = {Janowicz, Krzysztof},
booktitle = {The Cultural Heritage of Historic European Cities and Public Participatory GIS Workshop},
file = {:home/bhervy/.local/share/data/Mendeley Ltd./Mendeley Desktop/Downloaded/Janowicz - 2009 - The role of place for the spatial referencing of heritage data.pdf:pdf},
keywords = {Heritage,KM,SIG},
mendeley-tags = {Heritage,KM,SIG},
pages = {10},
title = {{The role of place for the spatial referencing of heritage data}},
url = {http://citeseerx.ist.psu.edu/viewdoc/summary?doi=10.1.1.172.5601},
year = {2009}
}
@article{Journal,
author = {Journal, International and Management, Product Lifecycle and Engineering, Mechanical Systems},
file = {:home/bhervy/.local/share/data/Mendeley Ltd./Mendeley Desktop/Downloaded/Journal, Management, Engineering - Unknown - Generic PLM system for SMEs Application to an equipment manufacturer Julien Le Duigou.pdf:pdf},
journal = {International Journal Of Product Lifecycle Management},
title = {{Generic PLM system for SMEs: Application to an equipment manufacturer Julien Le Duigou*}}
}
@incollection{Jureta2005,
address = {Berlin, Heidelberg},
author = {Jureta, Ivan and Faulkner, St\'{e}phane},
booktitle = {Perspectives in Conceptual Modeling},
doi = {10.1007/11568346},
editor = {Akoka, Jacky and Liddle, Stephen W. and Song, Il-Yeol and Bertolotto, Michela and Comyn-Wattiau, Isabelle and Heuvel, Willem-Jan and Kolp, Manuel and Trujillo, Juan and Kop, Christian and Mayr, Heinrich C.},
isbn = {978-3-540-29395-8},
keywords = {agent system,enterprise modelling,meta-model},
mendeley-tags = {agent system,enterprise modelling,meta-model},
pages = {151--161},
publisher = {Springer Berlin Heidelberg},
series = {Lecture Notes in Computer Science},
title = {{An Agent-Oriented Meta-model for Enterprise Modelling}},
url = {http://www.springerlink.com/index/10.1007/11568346},
volume = {3770},
year = {2005}
}
@article{Kappos1997,
author = {Kappos, P. and Sirmakessis, S. and Tsakalidis, A. and Tzimas, J.},
isbn = {0-8186-8147-0},
month = sep,
pages = {542},
title = {{Preserving the Greek Theatrical Heritage: An Object Oriented Multimedia Database Approach}},
url = {http://dl.acm.org/citation.cfm?id=522936.790200},
year = {1997}
}
@inproceedings{Karmacharya2008,
address = {Hannover},
author = {Karmacharya, Ashish and Cruz, Christophe and Marzani, Franck and Boochs, Frank},
booktitle = {2nd International Workshop on Personalized Access to Cultural Heritage},
file = {:home/bhervy/.local/share/data/Mendeley Ltd./Mendeley Desktop/Downloaded/Karmacharya et al. - 2008 - Industrial Archaeology Case study of Knowledge Management for Spatial Data of Findings.pdf:pdf},
keywords = {Heritage,SIG,industrial archaeology,information,knowledge management,ontology,owl,spatial data,system},
mendeley-tags = {Heritage,SIG},
title = {{Industrial Archaeology: Case study of Knowledge Management for Spatial Data of Findings}},
year = {2008}
}
@article{Kauppinen2008,
author = {Kauppinen, Tomi and V\"{a}\"{a}t\"{a}inen, Jari and Hyv\"{o}nen, Eero},
file = {:home/bhervy/.local/share/data/Mendeley Ltd./Mendeley Desktop/Downloaded/Kauppinen, V\"{a}\"{a}t\"{a}inen, Hyv\"{o}nen - 2008 - Creating and Using Geospatial Ontology Time Series in a Semantic Cultural Heritage Portal.pdf:pdf},
journal = {Lecture notes in computer science},
keywords = {geospatial,heritage,ontology},
mendeley-tags = {geospatial,heritage,ontology},
pages = {110--123},
title = {{Creating and Using Geospatial Ontology Time Series in a Semantic Cultural Heritage Portal}},
volume = {5021},
year = {2008}
}
@article{Keim2002,
author = {Keim, D.A.},
doi = {10.1109/2945.981847},
issn = {10772626},
journal = {IEEE Transactions on Visualization and Computer Graphics},
keywords = {Data mining,Data visualization,Floods,Hardware,Helium,History,Humans,Machine learning,Statistics,Visual databases,data mining,data type,data visualisation,distortion technique,information visualization,interaction technique,visual data exploration,visual data mining,visualization},
language = {English},
mendeley-tags = {data mining,visualization},
number = {1},
pages = {1--8},
title = {{Information visualization and visual data mining}},
url = {http://ieeexplore.ieee.org/xpls/abs\_all.jsp?arnumber=981847' escapeXml='false'/>},
volume = {8},
year = {2002}
}
@misc{Keraron2008,
author = {Keraron, Yves},
booktitle = {Document num\'{e}rique},
issn = {1279-5127},
keywords = {OAIS,RFID,S1000D,document structur\'{e},mod\`{e}le UML,r\'{e}f\'{e}rentiel num\'{e}rique},
language = {fr},
month = jan,
number = {2},
pages = {105--128},
publisher = {Lavoisier},
title = {{Le document num\'{e}rique entre pr\'{e}servation et usage}},
url = {http://www.cairn.info/article.php?ID\_ARTICLE=DN\_102\_0105},
volume = {Vol. 10},
year = {2008}
}
@phdthesis{Keraron2007,
author = {Keraron, Yves},
file = {:home/bhervy/.local/share/data/Mendeley Ltd./Mendeley Desktop/Downloaded/Keraron - 2007 - Couplages entre le syst\`{e}me documentaire et les syst\`{e}mes technique et humain Les mutations num\'{e}riques.pdf:pdf},
pages = {239},
school = {Ecole Centrale de Nantes},
title = {{Couplages entre le syst\`{e}me documentaire et les syst\`{e}mes technique et humain : Les mutations num\'{e}riques}},
year = {2007}
}
@article{Kerouanton2009,
abstract = {La recherche en histoire des techniques peut-elle passer par l’analyse spatiale ? Un bilan sommaire de la question de la repr\'{e}sentation graphique spatiale dans la litt\'{e}rature fran\c{c}aise permet d’ouvrir le d\'{e}bat sur les \'{e}chelles de lecture n\'{e}cessaires pour aborder la notion de paysage industriel. Les travaux en cours du Centre Fran\c{c}ois Vi\`{e}te de l’universit\'{e} de Nantes se d\'{e}veloppent autour de deux approches compl\'{e}mentaires : les mondes portuaires et l’introduction des technologies num\'{e}riques dans l’histoire. Les approches de r\'{e}troconception sont \`{a} mettre en perspective avec leur int\'{e}gration dans la dimension spatiale des proc\'{e}d\'{e}s, qui passe par le d\'{e}veloppement des SIG. L’article aborde les exemples de La Ciotat et Nantes.},
author = {Kerouanton, Jean-Louis},
file = {:home/bhervy/.local/share/data/Mendeley Ltd./Mendeley Desktop/Downloaded/Kerouanton - 2009 - Pour l’utilisation des SIG (syst\`{e}mes d’information g\'{e}ographique) en histoire des techniques entre documentation et analyse spatiale.pdf:pdf},
isbn = {978-2-9530779-4-0},
issn = {0417-8726},
journal = {Documents pour l'histoire des techniques},
keywords = {GIS,La Ciotat,Nantes,SIG,carte,cultural heritage,histoire,histoire des techniques,history,industrie,industry,landscape,map,patrimoine,paysage,technique,technology,territoire,territory},
language = {fr},
mendeley-tags = {histoire,histoire des techniques,SIG},
month = dec,
number = {18},
pages = {81--94},
publisher = {CDHTE-Cnam, SeaCDHTE},
title = {{Pour l’utilisation des SIG (syst\`{e}mes d’information g\'{e}ographique) en histoire des techniques : entre documentation et analyse spatiale}},
url = {http://dht.revues.org/299},
year = {2009}
}
@inproceedings{khemiri:inria-00426374,
abstract = {Our subject concerns the structuring of semantic content for image database in order to share knowledge, expertise and know-how between actors. In this context, the Laboratory "Regions and patrimony resources in Tunisia" (LRRPT) wants to release this acception of sharing and communication between the actors of the domain and the image object of tunisian patrimony. In this project, we use the economic intelligence process in order to answer the decision-making needs of the Lab director. The proposal is a methodological framework way for the Lab actors to capitalize information resources around a complex object: the patrimony image. In a practical way, as solution, we proposed an information system, with an interface similar to a digital-library, to facilitate the provision, the information retrieval and the enrichment of resources. The system is based on a functional architecture to provide the indexing, annotation and information retrieval process.},
address = {Hammamet, Tunisia},
annote = {Nos propos portent sur la structuration du contenu s\{\'{e}\}mantique pour une banque de donn\{\'{e}\}es sur les images, dans le but de partager du savoir, du savoir-faire et des connaissances entre les acteurs. Dans ce contexte, le Laboratoire "R\{\'{e}\}gions et ressources patrimoniales de Tunisie" (LRRPT) veut lancer cette acception de partage et de communication entre les acteurs du domaine sur l'objet image du patrimoine tunisien. Dans ce projet, la mise en pratique d'un processus d'intelligence \{\'{e}\}conomique \{\'{e}\}tait essentielle, dans le but de r\{\'{e}\}pondre aux besoins d\{\'{e}\}cisionnels du directeur du laboratoire. Nous avons propos\{\'{e}\} un cadre m\{\'{e}\}thodologique aux acteurs du laboratoire pour capitaliser des ressources informationnelles autour d'un objet complexe : l'image du patrimoine. Sur le plan pratique, nous avons d\{\'{e}\}velopp\{\'{e}\} un syst\{\`{e}\}me d'information, apparent\{\'{e}\} \{\`{a}\} une phototh\{\`{e}\}que, pour faciliter la disposition des ressources, la recherche d'information sur les contenus et leur enrichissement. Le syst\{\`{e}\}me est fond\{\'{e}\} sur une architecture fonctionnelle pour faire communiquer les processus d'indexation, d'annotation et de recherche d'information. Mots cl\{\'{e}\}s: Syst\{\`{e}\}me d'information, intelligence \{\'{e}\}conomique, capitalisation, indexation, annotation, recherche d'information, image du patrimoine, management des connaissances. },
author = {Khemiri, Nabil and Sidhom, Sahbi and Ghenima, Malek},
booktitle = {2nd International Conference on Information Systems and Economic Intelligence - SIIE 2009},
editor = {GHENIMA, Malek and SIDHOM, Sahbi and (Eds.), Aris OUKSEL},
file = {:home/bhervy/.local/share/data/Mendeley Ltd./Mendeley Desktop/Downloaded/Khemiri, Sidhom, Ghenima - 2009 - Capitalisation des connaissances sur l'objet image du patrimoine acception de partage et de communication par les acteurs.pdf:pdf},
keywords = {Information system,business intelligence,capital},
month = jan,
organization = {Malek GHENIMA (ESCE Universit\{\'{e}\} la Manouba - Tunisie) and Sahbi SIDHOM (Nancy Universit\{\'{e}\} - France)},
pages = {pp. 913--931},
publisher = {IHE \'{e}ditions Tunis - Tunisie},
series = {IHE \{\'{e}\}ditions (ISBN): 9978-9973-868-21-3},
title = {{Capitalisation des connaissances sur l'objet image du patrimoine : acception de partage et de communication par les acteurs}},
url = {http://hal.inria.fr/inria-00426374},
volume = {vol. 1},
year = {2009}
}
@article{Kim2010,
abstract = {Today's restoration and preservation of cultural heritage is an important task because of its historical significance, symbolism, and economic benefits. Decision makers or executors often encounter with taking decisions on which heritage is prioritized to be restored within the limited budget. However, very few tools are available to determine appropriately restoration priorities for the diverse historical heritages, perhaps because of a lack of systematized decision-making aids. This paper proposes an alternative decision support model to prioritize restoration needs within the executable budget. The model is constructed on stochastic analytic hierarchy process (S-AHP) and knowledge-based experience curve (EC); the former requires the input data to be random variables for interpreting probabilistically the ranks of the prioritized heritages and the latter reflects quantitatively the contribution of experts’ knowledge to weighting significant criteria in carrying out an assessment of restoration urgency. The application of 14 cultural heritages in Korea has been conducted, and the results are analyzed to illustrate the model's efficiency.},
author = {Kim, Chang-Jun and Yoo, Wi Sung and Lee, Ung-Kyun and Song, Ki-Jun and Kang, Kyung-In and Cho, Hunhee},
doi = {10.1016/j.culher.2010.03.004},
file = {:home/bhervy/.local/share/data/Mendeley Ltd./Mendeley Desktop/Downloaded/Kim et al. - 2010 - An experience curve-based decision support model for prioritizing restoration needs of cultural heritage.pdf:pdf},
issn = {12962074},
journal = {Journal of Cultural Heritage},
keywords = {cultural heritage,decision making,decision support model,knowledge-based experience curve,restoration,restoration priorities,stochastic analytic hierarchy process},
mendeley-tags = {cultural heritage,decision making,restoration},
month = oct,
number = {4},
pages = {430--437},
title = {{An experience curve-based decision support model for prioritizing restoration needs of cultural heritage}},
url = {http://dx.doi.org/10.1016/j.culher.2010.03.004},
volume = {11},
year = {2010}
}
@article{Kioussi2013,
abstract = {Documentation on cultural heritage assets is an indispensable part of an overall strategy for cultural heritage protection. Sustainable conservation and management is not feasible without a systematic data collection and registration that identifies the history of the monument, its architectural attributes, preservation state and its possible alterations during its entire lifetime. Integrated documentation protocols for data collection and organizing are developed that built upon certain documentation procedures, encompassing all parameters relating to the monument. These were developed based on the current documentation methodologies survey, revealing the prerequisite main attributes of such protocols, and the need to incorporate quality control principles. Their structure follows a three-level classification of data that reflect the overall information to be documented at an increasing complexity. They constitute a solid basis for any knowledge-based decision making process to establish priorities of cultural heritage protection, through the use of specific necessity indices that utilize the information collected and stored.},
author = {Kioussi, Anastasia and Karoglou, Maria and Labropoulos, Kyriakos and Bakolas, Asterios and Moropoulou, Antonia},
doi = {10.1016/j.culher.2013.01.007},
issn = {12962074},
journal = {Journal of Cultural Heritage},
keywords = {cultural heritage,data registration,decision making,decision making support,documentation,methodology,monument documentation,necessity indices,protocols},
mendeley-tags = {cultural heritage,decision making,documentation,methodology},
month = feb,
title = {{Integrated documentation protocols enabling decision making in cultural heritage protection}},
url = {http://dx.doi.org/10.1016/j.culher.2013.01.007},
year = {2013}
}
@article{Klamma2006,
author = {Klamma, R and Spaniol, M and Jarke, M},
journal = {Geographic  \ldots},
keywords = {Exemple,Patrimoine,Valorisation},
mendeley-tags = {Exemple,Patrimoine,Valorisation},
title = {{A hypermedia Afghan sites and monuments database}},
url = {http://www.springerlink.com/index/g77n861231882564.pdf},
year = {2006}
}
@article{Kuntz2006,
abstract = {En nous appuyant sur des hypoth\`{e}ses majoritairement emprunt\'{e}es \`{a} des travaux sur les syst\`{e}mes anthropocentr\'{e}s d'aide \`{a} la d\'{e}cision, nous d\'{e}crivons dans cet article un environnement interactif de fouille de r\`{e}gles d'association dans lequel l'utilisateur pilote le processus, en jouant le r\^{o}le d'une heuristique dans un environnement de recherche complexe. Afin de permettre \`{a} la fois une repr\'{e}sentation visuelle accessible et une instanciation ais\'{e}e des outils d'interactivit\'{e} le mod\`{e}le choisi est ici un graphe en niveaux - les niveaux \'{e}tant associ\'{e}s aux cardinaux des sous-ensembles d'attributs des pr\'{e}misses. Le processus a \'{e}t\'{e} d\'{e}ploy\'{e} dans un logiciel prototype dont l'analyse des r\'{e}sultats ouvre de nouvelles perspectives sur l'analyse comportementale d'un utilisateur en situation de fouille.},
author = {Kuntz, Pascale and Lehn, R\'{e}mi and Guillet, Fabrice and Pinaud, Bruno},
file = {:home/bhervy/.local/share/data/Mendeley Ltd./Mendeley Desktop/Downloaded/Kuntz et al. - 2006 - D\'{e}couverte interactive de r\`{e}gles d'association via une interface visuelle.pdf:pdf},
isbn = {2.85428.733.9},
journal = {Visualisation en Extraction des Connaissances},
keywords = {knowledge based system,knowledge mining,visualisation},
mendeley-tags = {knowledge based system,knowledge mining,visualisation},
pages = {113--125},
title = {{D\'{e}couverte interactive de r\`{e}gles d'association via une interface visuelle}},
url = {http://hal.inria.fr/inria-00335951},
volume = {RNTI-E-7},
year = {2006}
}
@article{Poulet2006,
author = {Kuntz, Pascale and Lehn, R\'{e}mi and Guillet, Fabrice and Pinaud, Bruno},
file = {:home/bhervy/.local/share/data/Mendeley Ltd./Mendeley Desktop/Downloaded/Poulet, Kuntz - 2006 - Visualisation en extraction de connaissances.pdf:pdf},
journal = {Revue des Nouvelles Technologies de l' Information},
pages = {113--126},
title = {{D\'{e}couverte interactive de r\`{e}gles d’association via une interface visuelle}},
url = {http://cepadues.com/docs/733/RNTI-E-7.pdf},
year = {2006}
}
@phdthesis{Labrousse2004a,
abstract = {L'analyse des processus du cycle de vie produit est au c\oe ur des probl\'{e}matiques industrielles. Elle met en \'{e}vidence le r\^{o}le de la capitalisation et de la valorisation des connaissances. Dans ce travail, un mod\`{e}le plus g\'{e}n\'{e}rique que les approches usuelles de la litt\'{e}rature est propos\'{e} : le mod\`{e}le FBS-PPRE (Fonction, Comportement, Structure - Processus, Produit, Ressource, Effet externe). L'apport scientifique principal r\'{e}side en l'unification conceptuelle permettant d'accro\^{\i}tre l'homog\'{e}n\'{e}it\'{e} des objets repr\'{e}sent\'{e}s ainsi que la compl\'{e}tude de la mod\'{e}lisation. Pour permettre une description des diff\'{e}rents objets manipul\'{e}s par l'entreprise suivant le m\^{e}me formalisme, l'approche met en \'{e}vidence la distinction entre les notions de nature (mat\'{e}rielle, temporelle, logicielle, organisationnelle ou \'{e}nerg\'{e}tique) et de r\^{o}le. Quatre r\^{o}les diff\'{e}rents sont distingu\'{e}s : les r\^{o}les de produit (objet issu du processus), de ressource (moyen mis en \oe uvre dans un processus), de processus (organisation temporelle, spatiale et hi\'{e}rarchique d'activit\'{e}s) et d'effet externe (venant contraindre le d\'{e}roulement d'un processus). L'originalit\'{e} - en rupture avec les approches de la litt\'{e}rature - consiste alors \`{a} consid\'{e}rer ces r\^{o}les comme circonstanciels, un m\^{e}me objet pouvant jouer successivement diff\'{e}rents r\^{o}les au cours de son cycle de vie. A l'oppos\'{e}, la nature d'un objet est suppos\'{e}e invariable.Par ailleurs, une gestion qui se veut lucide et efficace des comportements est propos\'{e}e : un comportement d'objet est toujours associ\'{e} \`{a} un \'{e}l\'{e}ment processus qui permet d'en d\'{e}finir le contexte. Il devient alors ais\'{e} de g\'{e}rer l'\'{e}volution de l'objet et de ses repr\'{e}sentations, \`{a} savoir leur dynamique transformationnelle. De ce fait, le mod\`{e}le FBS-PPRE tend \`{a} garantir une gestion p\'{e}renne des connaissances.Cette approche a \'{e}t\'{e} mise en \oe uvre dans le cadre d'un d\'{e}monstrateur de syst\`{e}me d'information d'une soci\'{e}t\'{e} conceptrice et productrice de v\'{e}hicules roulants.},
author = {Labrousse, Michel},
pages = {161},
school = {Ecole Centrale de Nantes},
title = {{Proposition d'un mod\`{e}le conceptuel unifi\'{e} pour la gestion dynamique des connaissances d'entreprise}},
url = {http://www.sudoc.fr/083470530},
year = {2004}
}
@incollection{Labrousse2008,
author = {Labrousse, Michel and Bernard, Alain},
booktitle = {Methods and Tools for Effective Knowledge \ldots},
doi = {10.1007/978-3-540-78431-9\_16},
editor = {Bernard, Alain and Tichkiewitch, Serge},
keywords = {Knwoledge management,PLM,knowldege management,plm},
mendeley-tags = {Knwoledge management,PLM},
pages = {285--305},
publisher = {Springer},
title = {{FBS-PPRE, an enterprise knowledge lifecycle model}},
url = {http://www.springerlink.com/index/H2213G601QV36U6L.pdf},
year = {2008}
}
@article{Labrousse2004,
abstract = {The phases of the life cycle of an industrial product can be described as a network of business processes. Products and informational materials are both raw materials and results of these processes. Modeling using generic model is a solution to integrate and value the enterprise and experts knowledge. Only a standardization approach involving several areas such as product modeling, process modeling, resource modeling and knowledge engineering can help build a retrieval system more efficient and profitable. The Functional-Behavior-Structure approach is mix with the Product Process resources view in a global FBS-PPRE generic model.},
author = {Labrousse, Michel and Perry, Nicolas and Bernard, Alain},
file = {:home/bhervy/.local/share/data/Mendeley Ltd./Mendeley Desktop/Downloaded/Labrousse, Perry, Bernard - 2004 - Mod\`{e}le FBS-PPR des objets d'entreprise \`{a} la gestion dynamique des connaissances industrielles.pdf:pdf},
journal = {Gestion Dynamique des Connaissances Industrielles},
month = oct,
title = {{Mod\`{e}le FBS-PPR : des objets d'entreprise \`{a} la gestion dynamique des connaissances industrielles}},
url = {http://hal.archives-ouvertes.fr/hal-00540012},
year = {2004}
}
@misc{Langweil2008,
author = {Langweil, D},
title = {{Digitalization of Prague city, last step}},
url = {http://www.praguemodels.cz},
year = {2008}
}
@article{LAROCHE-2008-422346,
abstract = {Communication dans la revue de TICCIH sous le patronage de l'UNESCO : il s'agit de poser les bases de l'arch\{\'{e}\}ologie industrielle avanc\{\'{e}\}e dans le champ du patrimoine au niveau international},
annote = {ISSN 1605-6647 },
author = {Laroche, Florent},
journal = {TICCIH Bulletin},
number = {41},
pages = {pp.3--4},
title = {{Advanced Industrial Archaeology and Techno-Museology: A new virtual life for industrial heritage}},
url = {http://hal.archives-ouvertes.fr/hal-00422346},
year = {2008}
}
@article{Laroche2009,
abstract = {Dans un contexte actuel dacc\'{e}l\'{e}ration du progr\`{e}s et de rentabilisation des innovations, les environne- ments industriels sont transf\'{e}r\'{e}s, transform\'{e}s, abandonn\'{e}s C'est la connaissance technique de l'huma- nit\'{e} qui dispara\^{\i}t. Lapproche d\'{e}velopp\'{e}e dans nos recherches consiste \`{a} renverser l'axe des temps de la conception et \`{a} proposer, \`{a} partir de lobjet technique et des informations dont on dispose et gr\^{a}ce \`{a} l'utilisation d'outils, une capitalisation et une mod\'{e}lisation num\'{e}rique en vue dune remise en situation d'usage virtuelle : cest larch\'{e}ologie industrielle avanc\'{e}e. Nous analysons dabord les enjeux li\'{e}s \`{a} lutilisation dun tel outil virtuel. Nous d\'{e}taillons ensuite la m\'{e}thodologie d\'{e}velopp\'{e}e pour virtualiser notre patrimoine technique. Plusieurs exemples et cas d\'{e}tudes men\'{e}s par notre \'{e}quipe de recherche viendront illustrer la d\'{e}marche. Enfin, nous exposons les possibilit\'{e}s et les impacts de cette nouvelle fa\c{c}on de mener lhistoire des sciences et des techniques},
author = {Laroche, Florent},
journal = {Documents pour l’histoire des techniques},
pages = {51--60},
title = {{Une nouvelle forme de capitalisation des connaissances gr\^{a}ce \`{a} l’arch\'{e}ologie industrielle avanc\'{e}e}},
url = {http://dht.revues.org/186},
volume = {18},
year = {2009}
}
@phdthesis{Laroche2007,
abstract = {Pour optimiser sa cr\'{e}ation de valeur, l'entreprise adapte sans cesse son mode de fonctionnement et ses outils de production. Les machines consid\'{e}r\'{e}es comme obsol\`{e}tes car ne r\'{e}pondant plus \`{a} la demande sont arr\^{e}t\'{e}es, remis\'{e}es voire m\^{e}me d\'{e}mantel\'{e}es. Ainsi, certains sites industriels disparaissent et les hommes, catalyseurs des savoir-faire, les emportent avec eux. L'absence de protection de ce patrimoine technique et industriel pose aujourd'hui question car cette culture technique s'av\`{e}re parfois transposable \`{a} des domaines d'applications connexes. Sauvegarder, analyser et comprendre ces objets du Patrimoine Pass\'{e} peut permettre de les transformer en Capital Pr\'{e}sent et devenir source d'innovation pour anticiper notre futur et aider les industriels \`{a} cr\'{e}er les objets de demain. Quant \`{a} leurs conservations et leurs vulgarisations dans les mus\'{e}es et les sites, le vieillissement intrins\`{e}que de l'information technique n\'{e}cessite d'impl\'{e}menter une nouvelle mus\'{e}ologie pour ce 3\`{e}me mill\'{e}naire : la Techno-mus\'{e}ologie. La m\'{e}thodologie d\'{e}velopp\'{e}e consiste \`{a} renverser l'axe des temps de la conception : c'est le R\'{e}tro processus de Conception Patrimoniale. L'Arch\'{e}ologie Industrielle Avanc\'{e}e permet la constitution du Dossier d'Oeuvre Patrimoniale Technique en capitalisant les connaissances du pass\'{e} sous une forme num\'{e}rique et en les repositionnant virtuellement en situation d'usage \`{a} des fins de mus\'{e}ographie et de valorisation. La complexit\'{e} des objets induisant une multiplicit\'{e} des comp\'{e}tences, le Processus Coop\'{e}ratif d'Ing\'{e}nierie Patrimoniale requiert la collaboration de m\'{e}tiers qui, jusqu'alors, ne collaboraient pas ou peu. D\`{e}s lors, une nouvelle forme d'Equipe Inter disciplinaire \'{e}merge pour laquelle un r\'{e}f\'{e}rentiel commun permet de faire cohabiter les diff\'{e}rentes s\'{e}mantiques. Ainsi, le Syst\`{e}me d'Information propos\'{e} encapsule cette taxonomie des Hommes en consid\'{e}rant \'{e}galement les acteurs du pass\'{e}. Le mod\`{e}le d\'{e}finit l'Objet technique \`{a} caract\`{e}re patrimonial dans ses Aspects Internalistes et Externalistes. Le Digital Heritage Reference Model ou Dossier d'Oeuvre Patrimonial Num\'{e}rique de R\'{e}f\'{e}rence, DHRM, peut alors \^{e}tre consid\'{e}r\'{e} comme un nouvel outil de travail mus\'{e}ologique. Dans ces travaux de recherche, de nombreux cas d'\'{e}tudes sont analys\'{e}s et conceptualis\'{e}s pour construire les ontologies validant ainsi l'applicabilit\'{e} du DHRM.},
author = {Laroche, Florent},
keywords = {Arch\'{e}ologie Industrielle Avanc\'{e}e,Capitalisation des connaissances,G\'{e}nie Industriel,Histoire des techniques,Ing\'{e}nierie virtuelle,Mus\'{e}ographie,Num\'{e}risation 3D,Patrimoine technique et industriel,Processus de conception,Reverse-engineering,Syst\`{e}me d'information DHRM,Techno-mus\'{e}ologie},
month = dec,
school = {\'{E}cole centrale de nantes - ECN; Universit\'{e} de Nantes},
title = {{Contribution \`{a} la sauvegarde des Objets techniques anciens par l'Arch\'{e}ologie industrielle avanc\'{e}e. Proposition d'un Mod\`{e}le d'information de r\'{e}f\'{e}rence mus\'{e}ologique et d'une M\'{e}thode inter-disciplinaire pour la Capitalisation des connaissances du Patrimoine}},
type = {THESE},
url = {http://tel.archives-ouvertes.fr/tel-00382703/ http://tel.archives-ouvertes.fr/tel-00382703},
year = {2007}
}
@inproceedings{LAROCHE-2009-473013,
abstract = {Contemporary engineering processes require numerous competences and knowledge using different semantics. Our research consists to design virtually ancient technical objects. The approach we have developed is a new kind of design process: it is a heritage reverse-engineering methodology. It requires a project team with many jobs which, until then, have never collaborate together or not yet: it is an inter-disciplinary team. An example will demonstrate our proposal for making old technical objects alive again and how human sciences and technical sciences can merge together. The case study is a steam boat designed in 1861 by the enterprise DCNS Propulsion.},
address = {Compi\{\`{e}\}gne, France},
author = {Laroche, Florent and Bernard, Alain},
booktitle = {Designing Pleasurable Products and Interfaces - conference proceedings},
keywords = {CAD,industrial archaeology,reverse-engineering,technical heritage},
pages = {8},
title = {{How to inject ancient know-how for future design: using advanced industrial archaeology during pedagogical projects}},
url = {http://hal.archives-ouvertes.fr/hal-00473013},
year = {2009}
}
@inproceedings{Laroche2009a,
author = {Laroche, Florent and Bernard, Alain},
booktitle = {DPPI},
file = {:home/bhervy/.local/share/data/Mendeley Ltd./Mendeley Desktop/Downloaded/Unknown - 2009 - How\$to\$inject\$ancient\$know!how\$for\$future\$design\$using\$advanced\$ industrialarchaeologyduringpedagogicalprojects.pdf:pdf},
keywords = {archaeology,cad,engineering,heritage,industrial,reverse,technical},
title = {{How to inject ancient know-how for future design: using advanced industrial archaeology during pedagogical projects}},
year = {2009}
}
@article{LAROCHE-2008-422162,
abstract = {Since virtual engineering has been introduced inside industries, time processes have been reduced and products are more adapted to customer needs. Nowadays, the DMU is the centre point for all teams: design, manufacturing, communication etc. However, physical mock-ups and prototypes are sometimes requested. Consequently, a back-and-forth action between the real and the virtual worlds is necessary. Our research team has developed a reverse-engineering methodology for capturing technical characteristics of industrial objects but also for capitalizing knowledge and know-how which are required for contextualizing life cycles. More precisely, we work with ancient industrial machines. It is what we call Advanced Industrial Archaeology. Thanks to the coupling of different kinds of 3D digitalization technologies and CAD software, we are able to re-design old industrial objects and old processes. To illustrate our proposal, we will describe one of the experiments we have done with a salt-washing machine which is nearly 100 years old: from the global 3D digitalization of the plant to precise parts design, we have rediscovered the enterprise process and understand its integration in the economic context.},
author = {Laroche, Florent and Bernard, Alain and Cotte, Michel},
journal = {Journal Virtual and Physical Prototyping},
keywords = {reverse-engineering ; 3D digitalization ; CAD ; Ad},
number = {Special Issue n$\backslash$degre2},
pages = {pp.105--122},
title = {{Advanced Industrial Archaeology: A new reverse-engineering process for contextualizing and digitizing ancient technical objects}},
url = {http://hal.archives-ouvertes.fr/hal-00422162},
volume = {3},
year = {2008}
}
@article{Laroche,
author = {Laroche, Florent and Bernard, Alain and Cotte, Michel},
file = {:home/bhervy/.local/share/data/Mendeley Ltd./Mendeley Desktop/Downloaded/Laroche, Bernard, Cotte - Unknown - Un nouveau processus coop\'{e}ratif d'ing\'{e}nierie et ses modes de repr\'{e}sentations interm\'{e}diaires les objets patrimoniaux \`{a} caract\`{e}re industriel.pdf:pdf},
journal = {Communications},
title = {{Un nouveau processus coop\'{e}ratif d'ing\'{e}nierie et ses modes de repr\'{e}sentations interm\'{e}diaires : les objets patrimoniaux \`{a} caract\`{e}re industriel}}
}
@techreport{Larochea,
author = {Laroche, Florent and Bernard, Alain and Cotte, Michel},
file = {:home/bhervy/.local/share/data/Mendeley Ltd./Mendeley Desktop/Downloaded/Laroche, Bernard, Cotte - Unknown - Emoire intermediaire.pdf:pdf},
pages = {1--53},
title = {{M\'{e}moire intermediaire}}
}
@inproceedings{LAROCHE-2010-473007,
abstract = {For the 2006 VRIC conference, we presented a scientific article dealing with a new way of thinking our technical heritage. We propose to preserve it as a digital object. However it does not mean beautiful 3D animation with nice static rendering; indeed, we create virtual mock-up which are dynamically operating. We use CAD software and engineering simulation tools. Nowadays the global methodology has been improved: it is named Advanced Industrial Archaeology. In this communication, we will detail a new experimentation done in partnership with a French museum: the Ch\{\^{a}\}teau des Ducs de Bretagne in France. This project deals with a physical mock-up of Nantes city built in 1899 and exposed in 1900 for the World Fair that took place in Paris, France. The heritage object is nowadays in the museum but exposed as "a fish inside an aquarium". Thanks to a virtual system coupling a tactile screen with semantic research modules, a 3D active screen and a light pointer, it will allow the visitor to better understand the mock-up and emphasize important places of Nantes city life.},
address = {Laval, France},
author = {Laroche, Florent and {Kerouanton Jlk}, Jean-Louis},
booktitle = {VRIC 2010 - Laval Virtual},
keywords = { 3D digitalisation, Museum, Nantes, Virtual Reality, industrial heritage, reverse-engineering, technical history,Knowledge data base},
pages = {2},
series = {ISBN 2-9515730-9-X},
title = {{Creating interactivity of our heritage stored in Museums}},
url = {http://hal.archives-ouvertes.fr/hal-00473007},
year = {2010}
}
@inproceedings{LAROCHE-2011-585088,
abstract = {Grand port de la fa\{\c{c}\}ade Atlantique mais difficile d'acc\{\`{e}\}s au fond de l'estuaire de la Loire, Nantes a toujours eu besoin de valoriser son image maritime. A un moment o\{\`{u}\}, gr\{\^{a}\}ce \{\`{a}\} un grand canal lat\{\'{e}\}ral, les possibilit\{\'{e}\}s de navigation y paraissaient confort\{\'{e}\}es, la Chambre de Commerce de la ville a d\{\'{e}\}cid\{\'{e}\} de commander une maquette du port pour en d\{\'{e}\}montrer les qualit\{\'{e}\}s et le dynamisme. Etablie pour l'Exposition Universelle de 1900 dans le cadre du pavillon des chambres de commerce, elle est d\{\'{e}\}sormais une pi\{\`{e}\}ce ma\{\^{\i}\}tresse des collections municipales et est aujourd'hui expos\{\'{e}\}e au sein du Mus\{\'{e}\}e du Ch\{\^{a}\}teau des Ducs de Bretagne de Nantes. Le Mus\{\'{e}\}e a d\{\'{e}\}cid\{\'{e}\} de valoriser d'un point de vue scientifique et mus\{\'{e}\}ographique la maquette du port de Nantes en 1900. Dans le cadre de ce projet pluridisciplinaire de valorisation et de mod\{\'{e}\}lisation virtuel de cet objet, un partenariat est mis en place entre plusieurs organismes du bassin nantais et de sa r\{\'{e}\}gion. Les objectifs sont de mod\{\'{e}\}liser cette maquette et de proposer une forme innovatrice de valorisation mus\{\'{e}\}ographique utilisant les derni\{\`{e}\}res technologies de R\{\'{e}\}alit\{\'{e}\} Virtuelle.},
address = {Mont-Dore, France},
author = {Laroche, Florent and {Kerouanton Jlk}, Jean-Louis and Servi\`{e}res, Myriam and Bernard, Alain},
booktitle = {12e colloque national AIP Primeca},
keywords = {NTIC,gestion des connaissances,inter-disciplinarit\'{e},maquette num\'{e}rique,patrimoine,p\'{e}dagogie,r\'{e}alit\'{e} virtuelle},
pages = {11 p.},
title = {{Un renouveau des pratiques mus\'{e}ographiques gr\^{a}ce au virtuel : un support \`{a} des applications pluridisciplinaire en p\'{e}dagogie active}},
url = {http://hal.archives-ouvertes.fr/hal-00585088},
year = {2011}
}
@inproceedings{Laroche2010,
abstract = {For the 2008 CIRP Design conference, we have presented a scientific article dealing with a new way of thinking our technical heritage: we would like to preserve it as a digital object. Project deals with a physical mock-up of Nantes city built in 1899 and used for the Universal exposition in France in 1900 in Paris. The heritage object is nowadays in the museum but exposed as a fish inside an aquarium. Thanks to a virtual system coupling a tactile screen with semantic research modules, 3D active screen and light pointer, it will allow the visitor to better understand the mock-up and emphasize important places of Nantes city life. However it does not mean beautiful 3D animation with nice static rendering; indeed, we create virtual mockups which are dynamically operating. We use CAD software and engineering simulation tools. Nowadays the global methodology has been improved: it is named Advanced Industrial Archaeology. In this communication, we will detail a new experimentation done in partnership with a French museum: the Ch\^{a}teau des Ducs de Bretagne in France. This project deals with a physical mock-up of Nantes city built in 1899 and exposed in 1900 for the World Fair that took place in Paris, France. The heritage object is nowadays in the museum but exposed as “a fish inside an aquarium”. Thanks to a virtual system coupling a tactile screen with semantic research modules, a 3D active screen and a light pointer, it will allow the visitor to better understand the mock-up and emphasize important places of the city. The mock-up represents our industrial heritage with old shipyards of Nantes.},
author = {Laroche, Florent and Kerouanton, Jean-Louis and Bernard, Alain},
booktitle = {CIRP Design Conference},
file = {:home/bhervy/.local/share/data/Mendeley Ltd./Mendeley Desktop/Downloaded/Laroche, Kerouanton, Bernard - 2010 - A case study of capitalisation and valorisation of our technical heritage(2).pdf:pdf},
keywords = {3D digitalisation,Knowledge data base,Museum,Nantes,Virtual Reality,industrial heritage,socio-economic},
month = apr,
title = {{A case study of capitalisation and valorisation of our technical heritage}},
url = {http://hal.archives-ouvertes.fr/hal-00473004},
year = {2010}
}
@article{Laroche2010a,
abstract = {L'enseignement de la Conception Assist\'{e}e par Ordinateur en projet tutor\'{e} doit permettre d'appr\'{e}hender d'une part les notions vues pendant les heures d'enseignement mais aussi les difficult\'{e}s li\'{e}es \`{a} une maquette num\'{e}rique de taille industrielle (gestion de projet, des fichiers, travail collaboratif). La motivation et le suivi des \'{e}tudiants sont les garants d'une \'{e}tude int\'{e}ressante et formative mais ils sont souvent d\'{e}licats avec des projets industriels. Nous proposons ici un t\'{e}moignage p\'{e}dagogique d'une nouvelle th\'{e}matique de recherche \'{e}mergente: la conservation et la valorisation du patrimoine technique et industriel. La richesse technique des 'vieilles' machines \'{e}tudi\'{e}es, du contexte de l'\'{e}poque, et la qualit\'{e} des diff\'{e}rents intervenants dans le projet (conservateurs de ce patrimoine, historiens des techniques...) ont s\'{e}duits les groupes d'\'{e}tudiants r\'{e}alisant ce type de projet et c'est pour nous, chercheurs et enseignants, un devoir de diffuser ce type de d\'{e}marche afin de la rendre reproductible dans d'autres structures universitaires.},
author = {Laroche, Florent and {Le Loch}, S\'{e}bastien and Cotte, Michel and Kerouanton, Jean-Louis and Bernard, Alain},
file = {:home/bhervy/.local/share/data/Mendeley Ltd./Mendeley Desktop/Downloaded/Laroche et al. - 2010 - L'histoire, un medium de didactique aux Nouvelles Technologies.pdf:pdf},
journal = {Revue Les cahiers du Centre Fran\c{c}ois Vi\`{e}te},
keywords = {3D,CAO,G\'{e}nie Industriel,Histoire,Histoire des techniques,Patrimoine industriel et technique,maquette num\'{e}rique,patrimoine},
mendeley-tags = {3D,CAO,Histoire,patrimoine},
title = {{L'histoire, un medium de didactique aux Nouvelles Technologies}},
url = {http://hal.archives-ouvertes.fr/hal-00422224},
year = {2010}
}
@inproceedings{LAROCHE2012,
address = {Nantes},
author = {LAROCHE, Florent and Lef\`{e}vre, Daniel and Servi\`{e}res, Myriam and Bernard, Alain},
booktitle = {11th Biennial Conference on Engineering systems design and analysis},
keywords = {reverse-engineering},
pages = {1--7},
title = {{Intelligent reverse engineering: AUTOMATIC SEMANTIC RECOGNITION OF 3D DIGITALIZED CLOUD OF POINTS}},
year = {2012}
}
@article{Laublet2004,
author = {Laublet, P},
journal = {Revue  \ldots},
title = {{Introduction au web s\'{e}mantique}},
url = {http://scholar.google.fr/scholar?start=10\&q=web+s\%C3\%A9mantique\&hl=fr\&as\_sdt=0,5\#8},
year = {2004}
}
@article{Laublet2002,
author = {Laublet, P},
journal = {Assises du GDR I},
title = {{Sur quelques aspects du Web s\'{e}mantique}},
url = {http://scholar.google.fr/scholar?q=web+s\%C3\%A9mantique\&hl=fr\&btnG=Rechercher\&lr=\#3},
year = {2002}
}
@article{Lavoie2008,
author = {Lavoie, BF},
journal = {Microform \&amp; imaging review},
title = {{The open archival information system reference model: Introductory guide}},
url = {http://www.degruyter.com/view/j/mfir.2004.33.issue-2/mfir.2004.68/mfir.2004.68.xml},
year = {2008}
}
@phdthesis{LeDuigou2010,
author = {{Le Duigou}, Julien},
file = {:home/bhervy/.local/share/data/Mendeley Ltd./Mendeley Desktop/Downloaded/Modelisation et al. - 2010 - \'{E}cole Centrale de Nantes.pdf:pdf},
keywords = {Mod\'{e}lisation d'entreprise,PLM,PME},
mendeley-tags = {Mod\'{e}lisation d'entreprise,PLM,PME},
pages = {172},
school = {\'{E}cole Centrale de Nantes},
title = {{\'{E}cole Centrale de Nantes}},
year = {2010}
}
@inproceedings{leduigou:hal-00421912,
address = {Paris, France},
author = {{Le Duigou}, Julien and Bernard, Alain and Gabriel, Serge and Delplace, Jean-Charles},
booktitle = {Proceedings de la 7e conf\'{e}rence internationale de mod\'{e}lisation et simulation},
file = {:home/bhervy/.local/share/data/Mendeley Ltd./Mendeley Desktop/Downloaded/Duigou et al. - 2008 - Approche globale pour la structuration et la gestion de donnees techniques du cycle de vie produit application a une famille de poulies d’accastillage.pdf:pdf},
month = apr,
pages = {CD},
title = {{Approche globale pour la structuration et la gestion des donn\'{e}es techniques du cycle de vie produit ; Application \`{a} une famille de poulies d'accastillage.}},
url = {http://hal.archives-ouvertes.fr/hal-00421912},
year = {2008}
}
@article{LeDuigou2009,
author = {{Le Duigou}, Julien and Bernard, Alain and Perry, Nicolas and Delplace, Jean-Charles},
doi = {10.1016/j.cirpj.2008.10.005},
file = {:home/bhervy/.local/share/data/Mendeley Ltd./Mendeley Desktop/Downloaded/Le Duigou et al. - 2009 - Global approach for technical data management. Application to ship equipment part families.pdf:pdf},
issn = {17555817},
journal = {CIRP Journal of Manufacturing Science and Technology},
keywords = {product life cycle management},
month = jan,
number = {3},
pages = {185--190},
publisher = {CIRP},
title = {{Global approach for technical data management. Application to ship equipment part families}},
url = {http://linkinghub.elsevier.com/retrieve/pii/S1755581708000564},
volume = {1},
year = {2009}
}
@article{Lee2000,
author = {Lee, Kyong-Ho and Cho, Sung-Bae and Choy, Yoon-Chul},
doi = {10.1016/S0952-1976(99)00049-4},
file = {:home/bhervy/.local/share/data/Mendeley Ltd./Mendeley Desktop/Downloaded/Lee, Cho, Choy - 2000 - Automated vectorization of cartographic maps by a knowledge-based system.pdf:pdf},
isbn = {8223612712},
issn = {09521976},
journal = {Engineering Applications of Artificial Intelligence},
keywords = {automated vectorization,cartographic maps,geographic information systems,knowledge bases,thinning},
month = apr,
number = {2},
pages = {165--178},
title = {{Automated vectorization of cartographic maps by a knowledge-based system}},
url = {http://linkinghub.elsevier.com/retrieve/pii/S0952197699000494},
volume = {13},
year = {2000}
}
@phdthesis{lehn2000système,
author = {Lehn, R. and Briand, H.},
school = {Universit\'{e} de Nantes},
title = {{Un syst\`{e}me interactif de visualisation et de fouille de r\`{e}gles pour l'extraction de connaissances dans les bases de donn\'{e}es}},
url = {http://cat.inist.fr/?aModele=afficheN\&amp;cpsidt=206792},
year = {2000}
}
@book{Leonard2005,
author = {L\'{e}onard, Jean-Luc and Jaumain, Michel and P\'{e}pin, Philippe and Philippe, Dewonck},
editor = {Ingberg, Henry},
file = {:home/bhervy/.local/share/data/Mendeley Ltd./Mendeley Desktop/Downloaded/Unknown - 2005 - Le secteur mus\'{e}al.pdf:pdf},
pages = {60},
publisher = {Observatoire des politiques culturelles},
title = {{Le secteur mus\'{e}al en communaut\'{e} fran\c{c}aise. Essai de portrait socio-\'{e}conomique.}},
volume = {1},
year = {2005}
}
@article{Lequeux,
author = {Lequeux, Brigitte and Menon, Bruno},
file = {:home/bhervy/.local/share/data/Mendeley Ltd./Mendeley Desktop/Downloaded/Lequeux, Menon - Unknown - Conception d’une ontologie a partir d’un thesaurus specialise dans le domaine de l’archeologie et des sciences de l’antiquite.pdf:pdf},
journal = {Temps Modernes},
title = {{Conception d’une ontologie a partir d’un thesaurus specialise dans le domaine de l’archeologie et des sciences de l’antiquite}}
}
@article{lerman2003mesure,
author = {LERMAN, I.C. and AZE, J.},
journal = {Revue d'intelligence artificielle},
number = {1-3},
pages = {247--262},
publisher = {Lavoisier},
title = {{Une mesure probabiliste contextuelle discrimante de qualit\'{e} des r\`{e}gles d'association}},
url = {http://cat.inist.fr/?aModele=afficheN\&amp;cpsidt=15209115},
volume = {17},
year = {2003}
}
@article{lingrandplate,
author = {Lingrand, D. and Lavirotte, S. and Tigli, JY and Blay-Fornarino, M. and Pinna-D\'{e}ry, AM and Riveill, M. and Russo, A. and Colombi, T. and Consulting, L.},
journal = {ludo-tic.com},
title = {{Plate-forme technologique: Etude et Usage des Equipements Informatiques Mobiles en environnement simul\'{e}.}},
url = {http://www.ludo-tic.com/dev/downloads/publications/Lingrand et al - plateforme technologique - cnrtSymposium.pdf}
}
@unpublished{Lille2003,
author = {{Longueville Barth\'{e}l\'{e}my}},
file = {:home/bhervy/.local/share/data/Mendeley Ltd./Mendeley Desktop/Downloaded/Lille, Lyon - 2003 - Capitalisation des processus de d\'{e}cision dans les projets d’innovation application \`{a} l’automobile.pdf:pdf},
title = {{Capitalisation des processus de d\'{e}cision dans les projets d’innovation : application \`{a} l’automobile}},
year = {2003}
}
@phdthesis{LonguevilleBarthelemy2003,
author = {{Longueville Barth\'{e}l\'{e}my}},
file = {:home/bhervy/.local/share/data/Mendeley Ltd./Mendeley Desktop/Downloaded/Unknown - Unknown - No Title(2).pdf:pdf},
pages = {267},
school = {Ecole Centrale Paris},
title = {{Capitalisation des processus de d\'{e}cision dans les projets d'innovation : Application \`{a} l'automobile}},
year = {2003}
}
@phdthesis{Lortal2006,
author = {Lortal, Ga\"{e}lle},
file = {:home/bhervy/.local/share/data/Mendeley Ltd./Mendeley Desktop/Downloaded/Lortal - 2006 - M\'{e}diatiser l'annotation pour une herm\'{e}neutique num\'{e}rique AnT\&CoW, un collecticiel pour une coop\'{e}ration via l'annotation.pdf:pdf},
keywords = {Annotation,Collecticiel,Document num\'{e}rique,Herm\'{e}neutique,Ing\'{e}nierie des Connaissances,Logique de communication,Ressources Termino-Ontologiques,S\'{e}mantique,Traitement Automatique des Langues,Travail Coop\'{e}ratif Assist\'{e} par Ordinateur,annotation,coop\'{e}ration,herm\'{e}neutique,ing\'{e}nierie des connaissances,semantic web},
mendeley-tags = {annotation,coop\'{e}ration,herm\'{e}neutique,ing\'{e}nierie des connaissances,semantic web},
pages = {292},
school = {UNIVERSIT\'{E} DE TECHNOLOGIE DE TROYES},
title = {{M\'{e}diatiser l'annotation pour une herm\'{e}neutique num\'{e}rique : AnT\&CoW, un collecticiel pour une coop\'{e}ration via l'annotation}},
year = {2006}
}
@article{Lozitno1997,
author = {Lozitno, R and Fourier, Universitk Joseph},
file = {:home/bhervy/.local/share/data/Mendeley Ltd./Mendeley Desktop/Downloaded/Lozitno, Fourier - 1997 - Management of multimedia data using an Object-Oriented Database System.pdf:pdf},
isbn = {0818681470},
journal = {Management},
keywords = {m s,many multimedia authoring systems,multimedia,object- oriented d b,over the years,presentation,query language,several approaches have been,temporal,to design mis,used,video},
pages = {106--111},
title = {{Management of multimedia data using an Object-Oriented Database System}},
year = {1997}
}
@article{Luca2005,
author = {Luca, Livio De and Florenzano, Michel and Les, Introduction},
file = {:home/bhervy/.local/share/data/Mendeley Ltd./Mendeley Desktop/Downloaded/Luca, Florenzano, Les - 2005 - Retro conception d’objets architecturaux basee sur une methodologie de reconstruction hybride.pdf:pdf},
journal = {No\^{u}s},
number = {1},
pages = {1--9},
title = {{Retro conception d’objets architecturaux basee sur une methodologie de reconstruction hybride.}},
year = {2005}
}
@inproceedings{Ludwig2008,
address = {New York, New York, USA},
author = {Ludwig, Christoph and K\"{u}ster, Marc Wilhelm and Moore, Graham},
booktitle = {Proceedings of the 10th International Conference on Information Integration and Web-based Applications \& Services - iiWAS '08},
doi = {10.1145/1497308.1497398},
isbn = {9781605583495},
keywords = {ontology evolution,semantic registries,semantic web,topic maps,versioning},
month = nov,
pages = {493},
publisher = {ACM Press},
title = {{Versioning in distributed semantic registries}},
url = {http://dl.acm.org/citation.cfm?id=1497308.1497398},
year = {2008}
}
@article{Maedche2002,
author = {Maedche, Alexander and Staab, Steffen},
file = {:home/bhervy/.local/share/data/Mendeley Ltd./Mendeley Desktop/Downloaded/Unknown - 2002 - Measuring similarity between ontologies.pdf:pdf},
journal = {Lecture notes in computer science},
pages = {251--263},
title = {{Measuring similarity between ontologies}},
url = {http://www.springerlink.com/index/nlcwup4cc1g462c6.pdf},
volume = {2473},
year = {2002}
}
@article{Magnani2013,
author = {Magnani, Eliana and Gasse-Grandjean, Marie-Jos\'{e} and Perreaux, Nicolas and Rey, Coraline},
file = {:home/bhervy/Documents/CIFRE/Th\`{e}se/lettre\_infoinshs\_22.pdf:pdf},
journal = {La lettre de l'INSHS},
keywords = {Corpus,Num\'{e}risation,S\'{e}mantique,exemple},
mendeley-tags = {exemple},
pages = {27--30},
title = {{Les Chartae Burgundiae Medii Aevi (CBMA). Du parchemin \`{a} l’\'{e}cran}},
year = {2013}
}
@article{Mammar1999,
author = {Mammar, Amel},
file = {:home/bhervy/.local/share/data/Mendeley Ltd./Mendeley Desktop/Downloaded/Unknown - 1999 - Un environnement formel pour le d\'{e}veloppement d'applications bases de donn\'{e}es. Amel MAMMAR.pdf:pdf},
journal = {Database},
pages = {91025},
title = {{Un environnement formel pour le d\'{e}veloppement d'applications bases de donn\'{e}es.}},
year = {1999}
}
@article{McCrary2011,
author = {McCrary, Q},
file = {:home/bhervy/.local/share/data/Mendeley Ltd./Mendeley Desktop/Downloaded/McCrary - 2011 - The Political Nature of Digital Cultural Heritage.pdf:pdf},
journal = {Liber Quarterly},
title = {{The Political Nature of Digital Cultural Heritage}},
url = {http://liber.library.uu.nl/publish/articles/000515/article.pdf},
year = {2011}
}
@article{MCCRARY-2011,
abstract = {Collecting organizations such as libraries and museums are vehicles for shifting paradigms of knowledge and power. Digital technologies are also implicated with historical transformations in language, society, and culture. To discuss the digital is to engage simultaneously with an impressive array of simulacra, instantaneous communication, ubiquitous media, and global interconnectedness (Cameron \& Kenderdine, 2007). Digital cultural heritage can be viewed as a political concept and practice, the relations between communities and heritage institutions as mediated through technologies, the reshaping of social, cultural, and political power in relation to cultural organizations made possible through communication technologies, and the representation and interpretation of digital cultural heritage. The following paper will address each of these concerns, outlining current scholarship on the topic and critically engaging with the content.},
author = {McCrary, Quincy},
journal = {Liber Quarterly - The Journal of European Research Libraries},
keywords = { cultural-heritage, digitization, user-feedback,authority},
month = sep,
number = {3/4},
title = {{The Political Nature of Digital Cultural Heritage}},
url = {http://liber.library.uu.nl/publish/issues/2010-3\_4/index.html?000515},
volume = {20},
year = {2011}
}
@inproceedings{mecca2011semantic,
author = {Mecca, S. and Cirinn\`{a}, C. and Masera, M.},
booktitle = {Terra 2008: The 10th International Conference on the Study and Conservation of Earthen Architectural Heritage},
keywords = {exemple,heritage,knowledge,patrimoine,web s\'{e}mantique},
mendeley-tags = {exemple,heritage,knowledge,patrimoine,web s\'{e}mantique},
pages = {114--119},
publisher = {Getty Conservation Institute},
title = {{A Semantic Web Portal for Supporting Knowledge Contribution, Sharing, and Management in the Earthen Architectural Heritage Domain}},
url = {http://craterre.org/diffusion:ouvrages-telechargeables/view/id/31889df9c3ba804068290047b242185a},
year = {2008}
}
@article{Menj2000,
author = {Menj, Dumas},
file = {:home/bhervy/.local/share/data/Mendeley Ltd./Mendeley Desktop/Downloaded/Menj - 2000 - une plate - forme pour le d eveloppement d'applications temporelles au dessus de SGBD a objets.pdf:pdf},
title = {{: une plate - forme pour le d eveloppement d'applications temporelles au dessus de SGBD a objets}},
year = {2000}
}
@article{Michel2009,
abstract = {Larticle pr\'{e}sente les fondements du programme de recherche Usines 3D, soutenu par lAnr Corpus, qui a commenc\'{e} par reproduire en images de synth\`{e}se l'atelier C5 des usines Renault de Billancourt dans lequel les premi\`{e}res cha\^{\i}nes d'assemblage des ch\^{a}ssis ont \'{e}t\'{e} introduites \`{a} la fin de la Premi\`{e}re Guerre mondiale. Ce cas particulier sert de prototype \`{a} un programme plus vaste visant \`{a} reconstituer quelques usines remarquables du patrimoine industriel international. Le but principal est de documenter lhistoire sociale et technique dune partie relativement mal connue du travail ouvrier, de rendre plus intelligible les routines discr\`{e}tes de ceux qui ne laissent pas de textes. Au-del\`{a} des sources classiques de l'histoire, nous \'{e}tudions ce que montrent des corpus d'images (fixes et anim\'{e}es) afin doffrir un nouvel \'{e}clairage sur le sujet et d'acc\'{e}der, par l'analyse iconographique et l'outil informatique, \`{a} de nouvelles connaissances historiques. Lenjeu \'{e}pist\'{e}mologique est double. Il sagit dune part d\'{e}laborer une m\'{e}thode danalyse des sources visuelles. Dautre part, le programme passe par une mise en valeur dun patrimoine industriel souvent menac\'{e} de disparition. La reconstitution en 3D ne cherche pas \`{a} compenser cet effacement, mais \`{a} servir doutil danalyse historique tout en \'{e}tant r\'{e}ceptive aux attentes des villes de tradition industrielle demandeuses de rep\`{e}res concrets et de moyens de transmission des m\'{e}moires du travail.},
author = {Michel, Alain P},
issn = {04178726},
journal = {Documents pour lhistoire des techniques},
number = {18},
pages = {23--36},
series = {La num\'{e}risation du patrimoine technique},
title = {{La reconstitution virtuelle d’un atelier de Renault-Billancourt: sources, m\'{e}thodologie et perspectives}},
url = {http://dht.revues.org/198},
year = {2009}
}
@unpublished{Naegel2011,
author = {Naegel, Paul-antoine},
file = {:home/bhervy/.local/share/data/Mendeley Ltd./Mendeley Desktop/Downloaded/Naegel - 2012 - Mod\`{e}les et r\'{e}alit\'{e} - Le cas du port de Nantes.pdf:pdf},
institution = {Centre Fran\c{c}ois Vi\`{e}te : \'{e}pist\'{e}mologie, histoire des sciences et des techniques Universit\'{e} de Nantes : EA1161 – Universit\'{e} de Bretagne Occidentale - Brest},
keywords = {Nantes,exposition 1900,maquette,mod\`{e}le,mus\'{e}e,port},
pages = {1--29},
title = {{Mod\`{e}les et r\'{e}alit\'{e} - Le cas du port de Nantes 1}},
url = {http://halshs.archives-ouvertes.fr/halshs-00665572},
year = {2011}
}
@article{Nantes2011,
author = {Nantes, Ecole Centrale De and Sciences, Fac De},
file = {:home/bhervy/.local/share/data/Mendeley Ltd./Mendeley Desktop/Downloaded/Nantes, Sciences - 2011 - Un renouveau des pratiques museographiques grace au virtuel un support a des applications pluridisciplinaire en pedagogie active.pdf:pdf},
title = {{Un renouveau des pratiques museographiques grace au virtuel un support a des applications pluridisciplinaire en pedagogie active}},
year = {2011}
}
@article{National2005a,
author = {National, Colloque and Primeca, A I P and Plagne, La and Bascoul, Christophe and La, Introduction},
file = {:home/bhervy/.local/share/data/Mendeley Ltd./Mendeley Desktop/Downloaded/National et al. - 2005 - L’esquisse virtuelle en conception mecanique.pdf:pdf},
journal = {Architecture},
number = {1},
pages = {1--12},
title = {{L’esquisse virtuelle en conception mecanique}},
year = {2005}
}
@article{National2005,
author = {National, Colloque and Primeca, A I P and Plagne, La and Souffez, Jean-marie and Dumont, Georges and Cachan, E N S},
file = {:home/bhervy/.local/share/data/Mendeley Ltd./Mendeley Desktop/Downloaded/National et al. - 2005 - Simplification sans perte de maquettes numeriques en vue de leur exploitation en realite virtuelle.pdf:pdf},
number = {1},
pages = {1--10},
title = {{Simplification sans perte de maquettes numeriques en vue de leur exploitation en realite virtuelle}},
year = {2005}
}
@book{Nesic2009,
abstract = {To enable document data and knowledge to be efficiently shared and reused across application, enterprise, and community boundaries, desktop documents should be completely open and queryable resources, whose data and knowledge are represented in a form understandable to both humans and machines. At the same time, these are the requirements that desktop documents need to satisfy in order to contribute to the visions of the Semantic Web. With the aim of achieving this goal, we have developed the Semantic Document Model (SDM), which turns desktop documents into Semantic Documents as uniquely identified and semantically annotated composite resources, that can be instantiated into human-readable (HR) and machine-processable (MP) forms. In this paper, we present the SDM along with an RDF and ontology-based solution for the MP document instance. Moreover, on top of the proposed model, we have built the Semantic Document Management System (SDMS), which provides a set of services that exploit the model. As an application example that takes advantage of SDMS services, we have extended MS Office with a set of tools that enables users to transform MS Office documents (e.g., MS Word and MS PowerPoint) into Semantic Documents, and to search local and distant semantic document repositories for document content units (CUs) over Semantic Web protocols.},
address = {Boston, MA},
author = {Ne\v{s}i\'{c}, Sa\v{s}a and Deved\v{z}i\'{c}, Vladan and Ga\v{s}evi\'{c}, Dragan and Sharda, Ramesh and Vo\ss, Stefan},
doi = {10.1007/978-1-4419-1219-0},
editor = {Deved\v{z}i\'{c}, Vladan and Ga\v{s}evic, Dragan},
isbn = {978-1-4419-1218-3},
keywords = {Business and Economics},
pages = {135--160},
publisher = {Springer US},
series = {Annals of Information Systems},
title = {{Web 2.0 \& Semantic Web}},
url = {http://www.springerlink.com/content/h8664020634x6366/},
volume = {6},
year = {2009}
}
@article{Noiriel2008,
abstract = { « Cette fois, il n’\'{e}tait pas question de r\'{e}crire ».Fernand BRAUDEL, \'{E}crits sur l’histoire, 1969.« C’est la marque de la plus grande superficialit\'{e} que de trouver en toute chose du mal et ne rien voir du bien positif qui s’y trouve. L’\^{a}ge rend en g\'{e}n\'{e}ral plus cl\'{e}ment ; la jeunesse est toujours m\'{e}contente ».HEGEL, La Raison dans l’histoire, 1830.L’organisation de cette journ\'{e}e a \'{e}t\'{e} motiv\'{e}e par la conviction que nous, historiens, nous aurions besoin de r\'{e}fl\'{e}chir \`{a} la question du temps pour progre (...)},
author = {Noiriel, G\'{e}rard},
doi = {10.4000/rh19.419},
file = {:home/bhervy/.local/share/data/Mendeley Ltd./Mendeley Desktop/Downloaded/Noiriel - 2008 - Comment on r\'{e}crit l’histoire. Les usages du temps dans les \'{E}crits sur l’histoire de Fernand Braudel(2).pdf:pdf},
issn = {1265-1354},
journal = {Revue d'histoire du XIXe si\`{e}cle},
language = {fr},
month = mar,
number = {25},
pages = {57--81},
publisher = {Soci\'{e}t\'{e} d’histoire de la r\'{e}volution de 1848},
title = {{Comment on r\'{e}crit l’histoire. Les usages du temps dans les \'{E}crits sur l’histoire de Fernand Braudel}},
url = {http://rh19.revues.org/index419.html},
year = {2008}
}
@article{Nwosu1996,
author = {Nwosu, KC},
title = {{Multimedia Database Systems: design and implementation strategies}},
url = {http://books.google.com/books?hl=fr\&amp;lr=\&amp;id=tCIVdXlaBJoC\&amp;oi=fnd\&amp;pg=PR11\&amp;dq=an+object-oriented,+multimedia+DBMS+(1996)\&amp;ots=EwLugSFdoP\&amp;sig=NuUrkCkvAWvyKd2NDfyHALp8YeM},
year = {1996}
}
@article{Ore2009,
author = {Ore, Christian Emil and Eide, Oyvind},
journal = {Literary and Linguistic Computing},
keywords = {TEI,cultural heritage,information,ontology},
mendeley-tags = {TEI,cultural heritage,information,ontology},
number = {2},
pages = {161--172},
title = {{TEI and cultural heritage ontologies: Exchange of information?}},
url = {http://llc.oxfordjournals.org/content/24/2/161.short},
volume = {24},
year = {2009}
}
@book{Parent2006,
author = {Parent, C and Spaccapietra, S and Zim\'{a}nyi, E},
booktitle = {Recherche},
pages = {450},
publisher = {Springer},
title = {{Conceptual Modeling for Traditional and Spatio-Temporal Applications: The MADS Approach}},
url = {http://www.lavoisier.fr/livre/notice.asp?id=2AKWO2AORA2OWY},
year = {2006}
}
@article{Pernelle2009,
author = {Pernelle, Liesp Phillipe and Lefebvre, Liesp Arnaud and Bouras, Liesp Abdelaziz},
file = {:home/bhervy/.local/share/data/Mendeley Ltd./Mendeley Desktop/Downloaded/Pernelle, Lefebvre, Bouras - 2009 - Knowledge integration throuh a plm approach.pdf:pdf},
journal = {Romania},
title = {{Knowledge integration throuh a plm approach}},
year = {2009}
}
@article{Pitikakis2009,
author = {Pitikakis, M and Salamin, P},
file = {:home/bhervy/.local/share/data/Mendeley Ltd./Mendeley Desktop/Downloaded/Pitikakis, Salamin - 2009 - Deliverable D2. 4.1 of Task T2. 4 State-of-the-art report on 3D content in Archaeology and Cultural Heritage.pdf:pdf},
journal = {FOCUS},
title = {{Deliverable D2. 4.1 of Task T2. 4 State-of-the-art report on 3D content in Archaeology and Cultural Heritage}},
url = {http://195.251.17.14/downloads/project-deliverables/D2.4.1-final.pdf},
year = {2009}
}
@article{Plm2008,
author = {Plm, Ateliers and Atlantique, Ouest},
file = {:home/bhervy/.local/share/data/Mendeley Ltd./Mendeley Desktop/Downloaded/Plm, Atlantique - 2008 - Le PLM Enjeux, Actualit\'{e}, Opportunit\'{e}.pdf:pdf},
title = {{Le PLM : Enjeux, Actualit\'{e}, Opportunit\'{e}}},
year = {2008}
}
@article{Poibeau2003,
author = {Poibeau, T},
title = {{Extraction automatique d'information:(du texte brut au web s\'{e}mantique)}},
url = {http://cat.inist.fr/?aModele=afficheN\&amp;cpsidt=14719568},
year = {2003}
}
@misc{Poibeau,
author = {Poibeau, Thierry},
isbn = {2-7462-0610-2},
keywords = {Algorithm,Algorithme,Algoritmo,Analyse contenu,Analyse s\'{e}mantique,Annotation,An\'{a}lisis contenido,An\'{a}lisis sem\'{a}ntico,Architecture syst\`{e}me,Arquitectura sistema,Case history,Case study,Content analysis,Descripci\'{o}n sistema,Description syst\`{e}me,Diccionario,Dictionaries,Dictionnaire,Estudio caso,Etude cas,Evaluaci\'{o}n prestaci\'{o}n,Evaluaci\'{o}n sistema,Evaluation performance,Evaluation syst\`{e}me,Extracci\'{o}n informaci\'{o}n,Extraction information,Full text,Grammaire,Grammar,Gram\'{a}tica,Herramienta,Historique,Hist\'{o}rica,Information extraction,Marcaci\'{o}n,Marking,Modelo,Models,Mod\`{e}le,Outil,Performance evaluation,Rep\'{e}rage,SEMTEX,Semantic analysis,System architecture,System description,System evaluation,Technique,Terminologie,Terminology,Terminolog\'{\i}a,Texte int\'{e}gral,Texto completo,Tool,T\'{e}cnica},
title = {{Extraction automatique d'information : 
	 (
		du texte brut au web s\'{e}mantique
	)
}},
url = {http://cat.inist.fr/?aModele=afficheN\&cpsidt=14719568}
}
@book{Pour,
author = {Pour, Orientations and Pays, L E S and Subsaharienne, Afrique},
file = {:home/bhervy/.local/share/data/Mendeley Ltd./Mendeley Desktop/Downloaded/Pour, Pays, Subsaharienne - Unknown - Protection juridique du patrimoine culturel.pdf:pdf},
isbn = {9290772190},
title = {{Protection juridique du patrimoine culturel}}
}
@misc{Pouyllau2008,
author = {Pouyllau, S},
title = {{Digital humanities en France : le temps des pionniers.}},
url = {http://blog.stephanepouyllau.org/digital-humanities-en-france-le-temps-des-pionniers/},
year = {2008}
}
@inproceedings{Pouyllau2012,
address = {Paris},
author = {Pouyllau, St\'{e}phane},
booktitle = {THATCamp : non-conf\'{e}rence sur les humanit\'{e}s num\'{e}riques},
isbn = {9782821818798},
keywords = {cultural heritage,digital humanities,rdf,semantic web},
language = {fr},
mendeley-tags = {cultural heritage,digital humanities,rdf,semantic web},
publisher = {\'{E}ditions de la Maison des sciences de l’homme},
title = {{Utilisons RDFa pour nos corpus}},
url = {http://books.openedition.org/editionsmsh/379},
year = {2012}
}
@inproceedings{pri,
author = {Pri\'{e}, Yannick and Aubert, Olivier and Richard, Bertrand},
booktitle = {Proceedings of the 20th International Conference of the Association Francophone d'Interaction Homme-Machine},
file = {:home/bhervy/.local/share/data/Mendeley Ltd./Mendeley Desktop/Downloaded/Pri\'{e}, Aubert, Richard - 2008 - D\'{e}monstration Advene, un outil pour la lecture active audiovisuelle.pdf:pdf},
keywords = {annotation,semantics},
mendeley-tags = {annotation,semantics},
pages = {211--212},
publisher = {ACM},
title = {{D\'{e}monstration: Advene, un outil pour la lecture active audiovisuelle}},
url = {http://dl.acm.org/citation.cfm?id=1512756},
year = {2008}
}
@article{Prie2004,
author = {Pri\'{e}, Yannick and Garlatti, Serge},
journal = {Interaction, Intelligence, Information},
title = {{M\'{e}ta-donn\'{e}es et annotations dans le Web s\'{e}mantique}},
url = {http://citeseerx.ist.psu.edu/viewdoc/download?doi=10.1.1.108.8720\&amp;rep=rep1\&amp;type=pdf},
volume = {Hors-s\'{e}rie},
year = {2004}
}
@inproceedings{Pu2006,
abstract = {Realistic 3D city models are required for many purposes such as urban planning and safety analysis. The traditional modeling methods are mainly based on manual or semi-automatic reconstruction from close-range images, which are rather time-consuming. The lack of fully automatic reconstruction is mainly due to the difficulty to recover building structures from close-range images. The terrestrially scanned laser points usually contain useful information, and it can be a valuable data source for reconstructing 3D city models. This paper presents our approach to automatically extract building features from terrestrial laser scanned data. This is done by first processing the terrestrial laser points with various segmentation algorithms, then retrieving several important properties (size, position, direction, topology, etc.) from the segments, and finally recognizing potential building features (walls, windows and doors, etc.) with feature constraints, which are based on the properties of segments. The recognized features will form the basis for an automatic 3D building},
author = {Pu, S and Vosselman, G},
booktitle = {International Archives of Photogrammetry Remote Sensing and Spatial Information Sciences},
file = {:home/bhervy/.local/share/data/Mendeley Ltd./Mendeley Desktop/Downloaded/Pu, Vosselman - 2006 - Automatic extraction of building features from terrestrial laser scanning.pdf:pdf},
keywords = {3d modeling,feature recognition,segmentation,terrestrial laser scanning},
number = {5},
pages = {25--27},
publisher = {ISPRS},
title = {{Automatic extraction of building features from terrestrial laser scanning}},
url = {http://www.itc.nl/personal/vosselman/papers/pu2006.dresden.pdf},
volume = {36},
year = {2006}
}
@article{Pucheral2005,
author = {Pucheral, P},
file = {:home/bhervy/.local/share/data/Mendeley Ltd./Mendeley Desktop/Downloaded/Pucheral - 2005 - Ubiquit\'{e} et confidentialit\'{e} des donn\'{e}es.pdf:pdf},
title = {{Ubiquit\'{e} et confidentialit\'{e} des donn\'{e}es}},
url = {http://hal.inria.fr/docs/00/30/95/17/PDF/P05.pdf},
year = {2005}
}
@article{Quisbert2009,
abstract = {In this paper, we discuss long-term digital preservation from an information perspective, rather than the predominant approaches; the Archival and the Technocratic Approach. Information lives longer than people, tools (software) and organizations live. The Information Continuum Model provides support for this standpoint. However, we find that there exists no concept to support practical action in preservation from the information perspective. Existing concepts as information object, digital object, preservation object, electronic record, information package and significant properties are context dependent and focus on the object to be preserved, rather than preservation of information. Consequently, they are not suitable for realizing the information perspective in long-term digital preservation. The concept of Digital Information Preservation Object is therefore introduced and a tentative definition of the concept is presented.},
author = {Quisbert, Hugo and Korenkova, Margarita and H\"{a}gerfors, Ann},
chapter = {Part 1},
doi = {10.1007/978-0-387-77745-0},
editor = {Sicilia, Miguel-Angel and Lytras, Miltiadis D},
file = {:home/bhervy/.local/share/data/Mendeley Ltd./Mendeley Desktop/Downloaded/Quisbert, Korenkova, H\"{a}gerfors - 2009 - Towards a Definition of Digital Information Preservation Object(2).pdf:pdf},
isbn = {9780387777443},
journal = {Preservation},
pages = {11--22},
publisher = {Springer},
title = {{Towards a Definition of Digital Information Preservation Object}},
url = {http://www.springerlink.com/index/j5u68311w2k223q5.pdf},
year = {2009}
}
@article{Rahaman,
author = {Rahaman, Hafaur and Reza, T M Masood and Nazirnuddin, S M},
file = {:home/bhervy/.local/share/data/Mendeley Ltd./Mendeley Desktop/Downloaded/Rahaman, Reza, Nazirnuddin - Unknown - No Title.pdf:pdf},
title = {{No Title}}
}
@article{Rahaman2011,
abstract = {Present virtual heritage projects are mostly focused either on ‘process’ or ‘product’ but rarely consider ‘users’ (end-users' perception of the content) with project contents predominantly developed with an ‘ocular-centric’ tendency. There is no significant interpretation method or principle for interpreting digital heritage like other disciplines such as archaeology. This paper argues that, for better interpretation and experience of a digital heritage site, a comprehensive interpretation method is required, which should address end-users with various background, overcome the linearity in narrative level and subjectiveness in content creation. This paper also argues that instead of predetermined instructional sequences or descriptive interpretation, the interaction setting can be participatory and contributive, where the end-users and environment may engage in ‘dialogic-interaction’. In terms of methodology, ‘Interpretation’ is first conceptualized by assimilating definitions from various heritage scholars and interpretation organizations. Notions of interpretation-practice and level of interaction are identified from reviewing some online digital heritage projects. By identifying weaknesses, this paper finally proposes a conceptual model for developing a comprehensive interpretation method for future digital heritage projects.},
author = {Rahaman, Hafizur and Tan, Beng-Kiang},
doi = {10.1260/1478-0771.9.1.99},
file = {:home/bhervy/.local/share/data/Mendeley Ltd./Mendeley Desktop/Downloaded/Unknown - 2011 - Interpreting Digital Heritage A Conceptual Model with End-Users' Perspective(2).pdf:pdf},
issn = {1478-0771},
journal = {International Journal of Architectural Computing},
number = {1},
pages = {99--114},
publisher = {Multi Science Publishing},
title = {{Interpreting Digital Heritage: A Conceptual Model with End-Users' Perspective}},
url = {http://multi-science.metapress.com/index/R4005XR53181048M.pdf http://multi-science.metapress.com/content/r4005xr53181048m/},
volume = {9},
year = {2011}
}
@inproceedings{Tan2010,
author = {Rahaman, Hafizur and Tan, Beng-kiang},
booktitle = {15th International Conference on Computer-Aided Architectural Design Research in Asia},
file = {:home/bhervy/.local/share/data/Mendeley Ltd./Mendeley Desktop/Downloaded/Tan - 2010 - Interpreting digital heritage.pdf:pdf},
keywords = {digital heritage,end user,heritage interpretation},
pages = {93--102},
title = {{Interpreting digital heritage}},
year = {2010}
}
@article{Rastier1995,
author = {Rastier, F},
journal = {La banque des mots},
title = {{Le terme: entre ontologie et linguistique}},
url = {http://www.revue-texto.net/1996-2007/Inedits/Rastier/Rastier\_Terme.html},
year = {1995}
}
@article{Rautenberg2003,
author = {Rautenberg, M},
journal = {Recherche},
title = {{La rupture patrimoniale}},
url = {http://www.lavoisier.fr/livre/notice.asp?id=36RW36A2KOLOWL},
year = {2003}
}
@article{Reich2012,
abstract = {Approaches to supporting creativity are diverse and numerous. Making sense of these methods, including the comparative benefits of one approach over another is highly significant to both research and practice of creative design. This paper demonstrates the benefit of conducting analyses of methods with the aid of a theory. Such an approach provides a clear basis for analysing different methods that could in turn be compared with each other. This approach is demonstrated through the critical analysis of advanced systematic inventive thinking (ASIT) ? a practical method ? using the C?K theory, a design theory that offers a formal model of creative thinking. The analysis uncovers a paradox in ASIT operation: being creative while ?staying in the box?. While confirming that ASIT could be perceived as an implementation of some of the C?K constructs, the analysis further resolves the paradox by explaining how creative solutions could be created with ASIT. Finally, the analysis also exposes the capabilities and limitations of ASIT as well as its directions of improvement by extending ASIT operators and applying them in a linear manner. Approaches to supporting creativity are diverse and numerous. Making sense of these methods, including the comparative benefits of one approach over another is highly significant to both research and practice of creative design. This paper demonstrates the benefit of conducting analyses of methods with the aid of a theory. Such an approach provides a clear basis for analysing different methods that could in turn be compared with each other. This approach is demonstrated through the critical analysis of advanced systematic inventive thinking (ASIT) ? a practical method ? using the C?K theory, a design theory that offers a formal model of creative thinking. The analysis uncovers a paradox in ASIT operation: being creative while ?staying in the box?. While confirming that ASIT could be perceived as an implementation of some of the C?K constructs, the analysis further resolves the paradox by explaining how creative solutions could be created with ASIT. Finally, the analysis also exposes the capabilities and limitations of ASIT as well as its directions of improvement by extending ASIT operators and applying them in a linear manner.},
author = {Reich, Yoram and Hatchuel, Armand and Shai, Offer and Subrahmanian, Eswaran},
doi = {10.1080/09544828.2010.493505},
file = {:home/bhervy/.local/share/data/Mendeley Ltd./Mendeley Desktop/Downloaded/Reich et al. - 2012 - A theoretical analysis of creativity methods in engineering design casting and improving ASIT within C–K theory.pdf:pdf},
issn = {0954-4828},
journal = {Journal of Engineering Design},
keywords = {ASIT,C-K,TRIZ,design,innovation},
mendeley-tags = {ASIT,C-K,TRIZ,design,innovation},
month = feb,
number = {2},
pages = {137--158},
publisher = {Taylor \& Francis},
title = {{A theoretical analysis of creativity methods in engineering design: casting and improving ASIT within C–K theory}},
url = {http://dx.doi.org/10.1080/09544828.2010.493505},
volume = {23},
year = {2012}
}
@article{Riguidel,
author = {Riguidel, M},
file = {:home/bhervy/.local/share/data/Mendeley Ltd./Mendeley Desktop/Downloaded/Riguidel - Unknown - Cours de S\'{e}curit\'{e}.pdf:pdf},
journal = {perso.telecom-paristech.fr},
title = {{Cours de S\'{e}curit\'{e}}},
url = {http://perso.telecom-paristech.fr/~riguidel/UESecur/Sec-MR-color.pdf}
}
@article{Riguidel2003,
author = {Riguidel, M},
title = {{La s\'{e}curit\'{e} \`{a} l'\`{e}re num\'{e}rique}},
url = {http://www.urec.cnrs.fr/IMG/pdf/secu.CNRS.vCARS2003.riguidel.pdf},
year = {2003}
}
@book{Rivera2008,
author = {Rivera, Angelyn Bass and Gandreau, David},
booktitle = {Architectural Heritage},
file = {:home/bhervy/.local/share/data/Mendeley Ltd./Mendeley Desktop/Downloaded/Rivera, Gandreau - 2008 - Terra 2008 The 10th International Conference on the Study and Conservation of Earthen Architectural Heritage.pdf:pdf},
isbn = {9781606060438},
title = {{Terra 2008: The 10th International Conference on the Study and Conservation of Earthen Architectural Heritage}},
year = {2008}
}
@incollection{Rodier2010,
author = {Rodier, Xavier and Saligny, Laure and Lefebvre, Bastien and Pouliot, Jacynthe},
booktitle = {Making History Interactive Computer Application and Quantitative Methods in Archaeology CAA Proceedings of the 37th International Conference Williamsburg Virginia USA March 2226 2009},
editor = {Fricher, B and Crawford, J and Koler, D},
keywords = {analyse spatiale et sig,mod\'{e}lisation,sources figur\'{e}es,sources mat\'{e}rielles,sources \'{e}crites},
number = {2079},
pages = {337--349},
publisher = {BAR International Series 2079, Archeopress},
title = {{ToToPI (Topographie de Tours Pr\'{e}-Industriel), a GIS for understanding urban dynamics based on the OH\_FET model (Social Use, Space and Time)}},
year = {2010}
}
@article{Rolland-Villemot2001,
author = {Rolland-Villemot, B\'{e}n\'{e}dicte},
journal = {La lettre de l'OCIM},
pages = {13--18},
title = {{Le Traitement des collections industrielles et techniques : de la conaissance \`{a} la diffusion}},
volume = {73},
year = {2001}
}
@article{Rolland1992,
author = {Rolland, Mme Colette and Maitre, M Jacques Le and Goldgewicht, M Willy and Fauvet, Mlle Marie-christine},
file = {:home/bhervy/.local/share/data/Mendeley Ltd./Mendeley Desktop/Downloaded/Rolland et al. - 1992 - un mod ele d'historiques pour un SGBD temporel.pdf:pdf},
title = {{: un mod ele d'historiques pour un SGBD temporel}},
year = {1992}
}
@article{Rouquette2007,
abstract = {Contribution \`{a} l’\'{e}tude de l’interactivit\'{e}. Les usages des multim\'{e}dias des mus\'{e}es de Genevi\`{e}ve Vidal est l’un des derniers livres de la collection Labyrinthes des Presses universitaires de Bordeaux, sp\'{e}cialis\'{e}e dans l’analyse des technologies d’information communication. Conform\'{e}ment au principe de cette collection, ce livre vise \`{a} mieux comprendre les nouvelles modalit\'{e}s d’\'{e}change et de fonctionnement permises par l’interactivit\'{e} des sites de mus\'{e}es. En quoi l’interactivit\'{e} des sites modifie-...},
author = {Rouquette, S\'{e}bastien},
isbn = {978-2-86480-849-7},
issn = {1633-5961},
journal = {Questions de communication},
keywords = {interactivit\'{e},mus\'{e}e,questionnaire,sociologie},
language = {fr},
mendeley-tags = {interactivit\'{e},mus\'{e}e,questionnaire,sociologie},
month = dec,
number = {12},
pages = {449--451},
publisher = {Presses universitaires de Nancy},
title = {{Genevi\`{e}ve Vidal, Contribution \`{a} l’\'{e}tude de l’interactivit\'{e}. Les usages des multim\'{e}dias des mus\'{e}es}},
url = {http://questionsdecommunication.revues.org/2581},
year = {2007}
}
@article{Roux2011,
author = {Roux, Alexis and Langage, U F R and Stage, Marianne Taillibert},
file = {:home/bhervy/.local/share/data/Mendeley Ltd./Mendeley Desktop/Downloaded/Roux, Langage, Stage - 2011 - Institutions culturelles et r\'{e}seaux sociaux vers un nouveau mode de m\'{e}diation.pdf:pdf},
journal = {Communication},
title = {{Institutions culturelles et r\'{e}seaux sociaux : vers un nouveau mode de m\'{e}diation ?}},
year = {2011}
}
@article{Rubattel1997,
author = {Rubattel, M Christian},
file = {:home/bhervy/.local/share/data/Mendeley Ltd./Mendeley Desktop/Downloaded/Rubattel - 1997 - Rep\'{e}rage des \'{e}nonc\'{e}s d’int\'{e}r\^{e}t d\'{e}finitoire dans les bases de donn\'{e}es textuelles.pdf:pdf},
title = {{Rep\'{e}rage des \'{e}nonc\'{e}s d’int\'{e}r\^{e}t d\'{e}finitoire dans les bases de donn\'{e}es textuelles}},
year = {1997}
}
@article{Sajja2008,
author = {Sajja, PS},
journal = {Journal of Information, Knowledge, and Management},
title = {{Multi-agent system for knowledge-based access to distributed databases}},
url = {http://pdf.aminer.org/000/262/313/trends\_in\_distributed\_and\_cooperative\_database\_management.pdf},
year = {2008}
}
@article{Salonia2009,
abstract = {Survey technologies play a leading role in the knowledge of cultural heritage and so far they have been finalized to data acquisition for describing geometric features and peculiarities of historical monuments in the context of conservation and safeguard. Moreover, the demand for 3D models of historical monuments is continuously increasing in the field of archaeological and architectural applications. The two main sources that can provide detailed and reliable 3D surface models are photogrammetry through image-based modelling, and Terrestrial Laser Scanner through laser scanning techniques. Among the works so far presented, the use of laser scanner for cultural heritage survey seems to achieve a position of monopoly in the 3D modelling pipeline. Laser scanner technology permits a detailed 3D description of the artefacts geometry: during the acquisition phase, it is possible to automatically acquire a great amount of 3D points without subjective interpretation from the operators. Some related geometric issues have not been solved yet, and thus a great amount of post-processing work is required to get final results. Recently, the development of digital stereo-photogrammetric systems capable to define 3D visualization and navigation environments represents a valid alternative as a tool for 3D documentation of cultural heritage. This paper aims to present the wide range of application of quick photogrammetric systems, either stereoscopic or trifocal, in the context of surveying archaeological–architectural artefacts at different scales and for different purposes.},
author = {Salonia, Paolo and Scolastico, Serena and Pozzi, Andrea and Marcolongo, Andrea and Messina, Tommaso Leti},
doi = {10.1016/j.culher.2009.09.004},
issn = {12962074},
journal = {Journal of Cultural Heritage},
keywords = {3d modelling,archaeology,cultural heritage,digitisation,documentation,example,multi-scale,photogrammetry,point clouds,quick photogrammetry,survey},
mendeley-tags = {cultural heritage,digitisation,example,photogrammetry},
month = dec,
pages = {e59--e64},
title = {{Multi-scale cultural heritage survey: Quick digital photogrammetric systems}},
url = {http://dx.doi.org/10.1016/j.culher.2009.09.004},
volume = {10},
year = {2009}
}
@article{Sanna2008,
abstract = {Any conservation and exploitation project of archaeological sites has the managerial aspects of a strategic intervention. Its character is defined by the variety of factors to be considered (durability of the materials and structures, landscape conservation, maintenance of cultural values and economic impact), the complexity of each of them (including those that are strictly technical such as those which relate to the structures and materials) and the projections of these actions into future, the forecast of which is intrinsically uncertain (wars, earthquakes, climate and cultural changes, and kinetics of chemical–physical–biological phenomena). We face the problem of creating a standardised but clear and easily understandable framework for the strategic decision of selection among the diverse projects of conservation and of cultural and economic enhancement. The characters of fuzzy logic and mathematic are extremely interesting in such situations, which are characterised by a quantitative and qualitative combination of factors, inevitably partial knowledge, intrinsic complexity, and the need for projection into the future. We propose the creation of a hierarchy among the different projects based on ratings expressed as fuzzy numbers. Fuzzy numbers are a particular category of fuzzy sets and can be considered an extension of the concept of “ordinary” numbers. Teams of experts on the different factors are called upon to give their respective fuzzy ratings based on scientific knowledge acquired with laboratory, environmental and theoretic investigations as well as on their experience during the implementation, management, and critical assessment of similar projects. Fuzzy numbers mathematics can be the bearing structure of the language and of proposed ranking method. This is a procedure in which the data set of a given archaeological site can be framed rationally and holistically, and therefore one can proceed to the progressive fine tuning of future projects. We shall apply the procedure discussed to select a portfolio of projects of conservation/enhancement for the Roman Amphitheatre at Nora (southern Sardinia). It is one of the most complete and important structures of the site, situated less than 100 m from the sea shore. The state of alteration of the cavea is particularly marked; the blocks of andesitic rock are intensely fractured and affected by consistent detachments, and in places where they are completely absent, the foundation tier, built in opus caementicium is uncovered, and appears affected by deep pulverisation. The anthropic erosion is intense. The fuzzy rating procedure clearly defines the best project between the five proposed.},
author = {Sanna, Ulrico and Atzeni, Cirillo and Spanu, Nannina},
doi = {10.1016/j.culher.2007.12.004},
file = {:home/bhervy/.local/share/data/Mendeley Ltd./Mendeley Desktop/Downloaded/Sanna, Atzeni, Spanu - 2008 - A fuzzy number ranking in project selection for cultural heritage sites.pdf:pdf},
issn = {12962074},
journal = {Journal of Cultural Heritage},
keywords = {Ranking,archaeological sites,conservation,cultural heritage,fuzzy,fuzzy arithmetic,fuzzy numbers ordering,project selection,ranking,roman amphitheatre},
mendeley-tags = {Ranking,cultural heritage,fuzzy},
month = jul,
number = {3},
pages = {311--316},
title = {{A fuzzy number ranking in project selection for cultural heritage sites}},
url = {http://dx.doi.org/10.1016/j.culher.2007.12.004},
volume = {9},
year = {2008}
}
@article{SCHOLL,
abstract = {Un mod\`{e}le de donn\'{e}es et un SGBD sont dits temporels s'ils offrent les concepts et les fonctionnalit\'{e}s permettant aux applications de dater les informations et de g\'{e}rer l'histoire de leur \'{e}volution. L'analyse des nombreux travaux sur ce sujet montre une absence d'unification des r\'{e}sultats qui freine l'obtention de produits industriels. Dans cette perspective, nous \'{e}tudions la faisabilit\'{e} d'un serveur temporel par la r\'{e}alisation d'un prototype au-dessus du SGBD O2. Dans cet article, nous proposons un mod\`{e}le d'historique qui int\`{e}gre les fonctionnalit\'{e}s essentielles attendues pour g\'{e}rer la dimension historique des informations d'une base de donn\'{e}es.},
author = {SCHOLL, P.-C. and FAUVET, M.-C. and CANAVAGGIO, J.-F.},
issn = {0752-4072},
journal = {TSI. Technique et science informatiques},
keywords = {Base donn\'{e}e f\'{e}d\'{e}r\'{e}e temporelle,Case history,Database management system,Federated temporal database,G\'{e}nie logiciel,Historique,Hist\'{o}rica,Ingenier\'{\i}a logiciel,Langage interrogation,Lenguaje interrogaci\'{o}n,Logique temporelle,L\'{o}gica temporal,Modeling,Modelizaci\'{o}n,Mod\'{e}lisation,Object oriented,Orientado objeto,Orient\'{e} objet,Prototipo,Prototype,Query language,Sistema gesti\'{o}n base datos,Software engineering,Syst\`{e}me gestion base donn\'{e}e,Temporal logic},
number = {3},
pages = {379--399},
publisher = {Lavoisier},
title = {{Un mod\`{e}le d'historique pour un SGBD temporel}},
url = {http://cat.inist.fr/?aModele=afficheN\&cpsidt=2223508},
volume = {17}
}
@article{Sedita2012,
abstract = {The paper aims to investigate theoretically and illustrate empirically the process of creativity by knowledge re-use, which might lead to novelties and innovations in creative and science based industries through exaptation. This work maintains that exaptation processes can be favored by the fruitful combination of different knowledge bases: synthetic, analytical and symbolic. Moreover, it distinguishes exaptation processes by their nature: technology-based and use-based. This work contributes to the present understanding of the processes leading to novelties and innovation by identifying four types of exaptation: intra-domain technology-based; inter-domain technology-based; intra-domain use-based; and inter-domain use-based. Following the emergent debate on the creative capacity of culture, this paper offers some initial elements to look at innovation through new lenses, introducing the concept of exaptation as a possible way to create economic value from leveraging intangible culture heritage. Accordingly, four illustrations of inter-domain exaptations where the intangible cultural heritage plays a role are provided.},
author = {Sedita, Silvia Rita},
doi = {10.1016/j.ccs.2012.11.009},
issn = {18779166},
journal = {City, Culture and Society},
keywords = {cultural heritage,exaptation,innovation,intangible cultural heritage,knowledge bases,novelty,psychology,sociology},
mendeley-tags = {cultural heritage,exaptation,psychology,sociology},
month = dec,
number = {4},
pages = {251--259},
title = {{Leveraging the intangible cultural heritage: Novelty and innovation through exaptation}},
url = {http://dx.doi.org/10.1016/j.ccs.2012.11.009},
volume = {3},
year = {2012}
}
@techreport{Serrafero2007,
author = {Serrafero, Patrick and Jacomy, Bruno and Gomes, Samuel and Bernard, Alain and Cotte, Michel},
file = {:home/bhervy/.local/share/data/Mendeley Ltd./Mendeley Desktop/Downloaded/Serrafero et al. - 2007 - No Title.pdf:pdf},
pages = {1--15},
title = {{Rapport de soutenance de th\`{e}se de Florent Laroche}},
year = {2007}
}
@inproceedings{Shai2009,
address = {Stanford},
author = {Shai, Offer and Reich, Yoram and Hatchuel, Armand and Subrahmanian, Eswaran},
booktitle = {International Conference on Engineering design},
file = {:home/bhervy/.local/share/data/Mendeley Ltd./Mendeley Desktop/Downloaded/Shai et al. - 2009 - Creativity theories and scientific discovery a study of c-k theory and infused design 1.pdf:pdf},
keywords = {C-K,c-k theory,creativity,design theory,infused design,scientific discovery},
mendeley-tags = {C-K,design theory,scientific discovery},
title = {{Creativity theories and scientific discovery: a study of c-k theory and infused design}},
year = {2009}
}
@article{Snodgrass1986,
author = {Snodgrass, Richard},
file = {:home/bhervy/.local/share/data/Mendeley Ltd./Mendeley Desktop/Downloaded/Snodgrass - 1986 - Temporal databases(2).pdf:pdf;:home/bhervy/.local/share/data/Mendeley Ltd./Mendeley Desktop/Downloaded/Snodgrass - 1986 - Temporal databases(3).pdf:pdf},
journal = {IEEE COMPUTER},
number = {4},
pages = {35 -- 42},
title = {{Temporal databases}},
url = {http://citeseerx.ist.psu.edu/viewdoc/summary?doi=10.1.1.136.4755},
volume = {19},
year = {1986}
}
@article{Snodgrass1985,
author = {Snodgrass, Richard and Ahn, Ilsoo},
file = {:home/bhervy/.local/share/data/Mendeley Ltd./Mendeley Desktop/Downloaded/Snodgrass, Ahn - 1985 - A Taxonomy of Time in Databases(2).pdf:pdf},
issn = {0163-5808},
journal = {SIGMOD Rec.},
language = {English},
pages = {236 -- 246},
publisher = {ACM},
title = {{A Taxonomy of Time in Databases}},
volume = {14},
year = {1985}
}
@phdthesis{Sriti2008,
author = {Sriti, Mohamed-Foued},
file = {:home/bhervy/Dropbox/Bibliographie/A\_lire/These\_Sriti\_2008\_version\_finale.pdf:pdf},
keywords = {KM,PLM,W2S,knowldege management,web socio-s\'{e}mantique,web s\'{e}mantique},
mendeley-tags = {KM,PLM,W2S},
pages = {170},
school = {Universit\'{e} de technologie de Troyes},
title = {{D\'{e}marche et logiciel de gestion des connaissances pour le cycle de vie des produits.}},
year = {2008}
}
@article{Staab2001,
author = {Staab, S and Studer, R},
file = {:home/bhervy/.local/share/data/Mendeley Ltd./Mendeley Desktop/Downloaded/Staab, Studer - 2001 - Knowledge processes and ontologies.pdf:pdf},
journal = {Intelligent Systems,  \ldots},
title = {{Knowledge processes and ontologies}},
url = {http://ieeexplore.ieee.org/xpls/abs\_all.jsp?arnumber=912382},
year = {2001}
}
@book{staab2004handbook,
author = {Staab, S. and Studer, R.},
publisher = {Springer Verlag},
title = {{Handbook on ontologies}},
url = {http://books.google.fr/books?hl=fr\&amp;lr=\&amp;id=0EIgz95mM8QC\&amp;oi=fnd\&amp;pg=PA1\&amp;dq=ontologies\&amp;ots=yTkJK504zW\&amp;sig=gH\_aj4lwsr1MKHni6dbep1fAA3Q},
year = {2004}
}
@article{Stock2007,
author = {Stock, Oliviero and Zancanaro, Massimo and Busetta, Paolo and Callaway, Charles and Kr\"{u}ger, Antonio and Kruppa, Michael and Kuflik, Tsvi and Not, Elena and Rocchi, Cesare},
doi = {10.1007/s11257-007-9029-6},
issn = {0924-1868},
journal = {User Modeling and User-Adapted Interaction},
keywords = {information,museum},
mendeley-tags = {information,museum},
month = apr,
number = {3},
pages = {257--304},
title = {{Adaptive, intelligent presentation of information for the museum visitor in PEACH}},
url = {http://link.springer.com/10.1007/s11257-007-9029-6},
volume = {17},
year = {2007}
}
@article{Summary2007,
author = {Summary, Discussion},
file = {:home/bhervy/.local/share/data/Mendeley Ltd./Mendeley Desktop/Downloaded/Summary - 2007 - International Expert Workshop on Integrity and Authenticity of World Heritage Cultural Landscapes 11-12 December 2007 Aranjuez, Spain.pdf:pdf},
journal = {Heritage},
number = {December},
pages = {1--3},
title = {{International Expert Workshop on Integrity and Authenticity of World Heritage Cultural Landscapes 11-12 December 2007 Aranjuez, Spain}},
year = {2007}
}
@inproceedings{Szabados2012,
address = {Paris},
author = {Szabados, Anne-Violaine and Briatte, Katell and Letricot, Rosemonde},
booktitle = {THATCamp : non-conf\'{e}rence sur les humanit\'{e}s num\'{e}riques},
isbn = {9782821818798},
keywords = {CIDOC,cultural heritage},
language = {fr},
mendeley-tags = {CIDOC,cultural heritage},
publisher = {\'{E}ditions de la Maison des sciences de l’homme},
title = {{Utiliser l’ontologie CIDOC CRM pour l’information relative au patrimoine culturel}},
url = {http://books.openedition.org/editionsmsh/319},
year = {2012}
}
@article{Tansley2003,
author = {Tansley, R},
file = {:home/bhervy/.local/share/data/Mendeley Ltd./Mendeley Desktop/Downloaded/Tansley - 2003 - DSpace as an open archival information system Current status and future directions.pdf:pdf},
journal = {Research and advanced technology for  \ldots},
title = {{DSpace as an open archival information system: Current status and future directions}},
url = {http://www.springerlink.com/index/HDEPD4443HL00K4K.pdf},
year = {2003}
}
@article{Tansley2003a,
author = {Tansley, Robert and Bass, Mick and Smith, Mackenzie},
file = {:home/bhervy/.local/share/data/Mendeley Ltd./Mendeley Desktop/Downloaded/Tansley, Bass, Smith - 2003 - LNCS 2769 - DSpace as an Open Archival Information System Current Status and Future Directions.pdf:pdf},
journal = {System},
number = {November 2002},
pages = {446--460},
title = {{LNCS 2769 - DSpace as an Open Archival Information System: Current Status and Future Directions}},
year = {2003}
}
@article{Taverner,
author = {Taverner, Craig},
file = {:home/bhervy/.local/share/data/Mendeley Ltd./Mendeley Desktop/Downloaded/Taverner - Unknown - Craig Taverner.pdf:pdf},
journal = {Technology},
title = {{Craig Taverner}}
}
@article{Tempich2005a,
author = {Tempich, C and Pinto, H},
journal = {The Semantic Web: Research and  \ldots},
title = {{An argumentation ontology for distributed, loosely-controlled and evolving engineering processes of ontologies (DILIGENT)}},
url = {http://www.springerlink.com/index/q0yhv5g44ny49mbh.pdf},
year = {2005}
}
@article{Tempich2007,
author = {Tempich, C and Simperl, E},
journal = {IEEE Intelligent  \ldots},
title = {{Argumentation-based ontology engineering}},
url = {http://doi.ieeecomputersociety.org/10.1109/10.1109/MIS.2007.103},
year = {2007}
}
@article{Tempich2005,
abstract = {A prerequisite to the success of the Semantic Web are shared ontologies which enable the seamless exchange of information between different parties. Engineering a shared ontology is a social process. Since its participants have slightly different views on the world, a harmonization effort requires discussing the resulting ontology. During the discussion, participants exchange arguments which may support or object to certain ontology engineering decisions. Experience from software engineering shows that tracking exchanged arguments can help users at a later stage to better understand the assumptions underlying the design decisions. Furthermore, as the constructed ontology becomes larger, ontology engineers might argue in a contradictory way without knowing so. In this paper we present an ontology which formalizes the main concepts which are used in an DILIGENT ontology engineering discussion and thus enables tracking arguments and allows for inconsistency detection. We provide an example which is drawn from experiments in an ontology engineering process to construct an ontology for knowledge management in our institute. Having constructed the ontology we also show how automated ontology learning algorithms could be taken as participants in the OE discussion. Hence, we enable the integration of manual, semi-automatic and automatic ontology creation approaches.},
author = {Tempich, Christoph and Pinto, H Sofia and Sure, York and Staab, Steffen},
file = {:home/bhervy/.local/share/data/Mendeley Ltd./Mendeley Desktop/Downloaded/Tempich et al. - 2005 - LNCS 3532 - An Argumentation Ontology for DIstributed, Loosely-controlled and evolvInG Engineering processes of oNTologies (DILIGENT)(2).pdf:pdf},
journal = {Ibis},
number = {1},
pages = {241--256},
publisher = {Springer},
title = {{An Argumentation Ontology for DIstributed , Loosely-controlled and evolvInG Engineering processes of oNTologies ( DILIGENT )}},
url = {http://citeseerx.ist.psu.edu/viewdoc/summary?doi=10.1.1.59.5591},
volume = {2005},
year = {2005}
}
@book{Tempich2005b,
abstract = {A prerequisite to the success of the Semantic Web are shared ontologies which enable the seamless exchange of information between different parties. Engineering a shared ontology is a social process. Since its participants have slightly different views on the world, a harmonization effort requires discussing the resulting ontology. During the discussion, participants exchange arguments which may support or object to certain ontology engineering decisions. Experience from software engineering shows that tracking exchanged arguments can help users at a later stage to better understand the assumptions underlying the design decisions. Furthermore, as the constructed ontology becomes larger, ontology engineers might argue in a contradictory way without knowing so. In this paper we present an ontology which formalizes the main concepts which are used in an DILIGENT ontology engineering discussion and thus enables tracking arguments and allows for inconsistency detection. We provide an example which is drawn from experiments in an ontology engineering process to construct an ontology for knowledge management in our institute. Having constructed the ontology we also show how automated ontology learning algorithms could be taken as participants in the OE discussion. Hence, we enable the integration of manual, semi-automatic and automatic ontology creation approaches.},
address = {Berlin, Heidelberg},
author = {Tempich, Christoph and Pinto, H. and Sure, York and Staab, Steffen and G\'{o}mez-P\'{e}rez, Asunci\'{o}n and Euzenat, J\'{e}r\^{o}me},
doi = {10.1007/b136731},
editor = {G\'{o}mez-P\'{e}rez, Asunci\'{o}n and Euzenat, J\'{e}r\^{o}me},
isbn = {978-3-540-26124-7},
keywords = {Computer Science},
pages = {21--43},
publisher = {Springer Berlin Heidelberg},
series = {Lecture Notes in Computer Science},
title = {{The Semantic Web: Research and Applications}},
url = {http://www.springerlink.com/content/q0yhv5g44ny49mbh/},
volume = {3532},
year = {2005}
}
@article{Terzi2005,
abstract = {Nos travaux de th\`{e}se contribuent au domaine de la Gestion du Cycle de Vie des Produits (PLM : Product Lifecycle Management) selon deux objectifs : l'un concerne plus particuli\`{e}rement l'analyse et l'\'{e}tat de l'art des concepts li\'{e}s au domaine du PLM alors que le second va chercher \`{a} tirer avantage de ces concepts pour la formalisation d'un metamod\`{e}le adapt\'{e} \`{a} la Tra\c{c}abilit\'{e} des produits tout au long de leur cycle de vie. La gestion int\'{e}gr\'{e}e de toute information relative au produit et \`{a} sa production est une des questions majeure de l'industrie. Une des r\'{e}ponses \`{a} cette question, actuellement d'actualit\'{e}, concerne un paradigme naissant, d\'{e}fini par le vocable de Gestion du Cycle de Vie des Produits (PLM : Product Life Cycle Management). Dans ce contexte, l'une des probl\'{e}matiques concerne la tra\c{c}abilit\'{e} des produits tout au long de leur cycle de vie qui induit ainsi une n\'{e}cessaire interop\'{e}rabilit\'{e} de l'information ainsi que des efforts de standardisation. Afin d'assurer ces \'{e}changes d'information, notre contribution, bas\'{e}s sur la situation actuelle des syst\`{e}mes d'information d'entreprise (qui manipulent l'information sur les produits), doit aboutir \`{a} la d\'{e}finition d'une vue holonique d'un mod\`{e}le conceptuel orient\'{e} produit d'un syst\`{e}me de production, formalisant la structure du syst\`{e}me d'information associ\'{e} aux donn\'{e}es de tra\c{c}abilit\'{e} des produits.},
author = {Terzi, Sergio},
keywords = {HMS,PLM,metamod\`{e}le,standards,tra\c{c}abilit\'{e} des produits},
month = may,
title = {{Gestion du Cycle de Vie des Produits: D\'{e}finitions, Probl\`{e}mes Ouverts et Mod\`{e}les de R\'{e}f\'{e}rence}},
url = {http://tel.archives-ouvertes.fr/tel-00009559},
year = {2005}
}
@book{teulier2005ingénierie,
author = {Teulier, R. and Charlet, J. and Tchounikine, P.},
publisher = {Editions L'Harmattan},
title = {{Ing\'{e}nierie des connaissances}},
url = {http://books.google.fr/books?hl=fr\&amp;lr=\&amp;id=ANbE0RP6sCcC\&amp;oi=fnd\&amp;pg=PA5\&amp;dq=ing\%C3\%A9nierie+des+connaissances\&amp;ots=EdAXNBGy9G\&amp;sig=BDywQfOhcPV2nCmSwAhSAtKbTJQ},
year = {2005}
}
@misc{TheMendeleySupportTeam2011a,
abstract = {A quick introduction to Mendeley. Learn how Mendeley creates your personal digital library, how to organize and annotate documents, how to collaborate and share with colleagues, and how to generate citations and bibliographies.},
address = {London},
author = {{The Mendeley Support Team}},
booktitle = {Mendeley Desktop},
file = {:home/bhervy/.local/share/data/Mendeley Ltd./Mendeley Desktop/Downloaded/The Mendeley Support Team - 2011 - Getting Started with Mendeley(4).pdf:pdf},
keywords = {Mendeley,how-to,user manual},
pages = {1--16},
publisher = {Mendeley Ltd.},
title = {{Getting Started with Mendeley}},
url = {http://www.mendeley.com},
year = {2011}
}
@misc{TheMendeleySupportTeam2011d,
abstract = {A quick introduction to Mendeley. Learn how Mendeley creates your personal digital library, how to organize and annotate documents, how to collaborate and share with colleagues, and how to generate citations and bibliographies.},
address = {London},
author = {{The Mendeley Support Team}},
booktitle = {Mendeley Desktop},
file = {:home/bhervy/.local/share/data/Mendeley Ltd./Mendeley Desktop/Downloaded/The Mendeley Support Team - 2011 - Getting Started with Mendeley(4).pdf:pdf},
keywords = {Mendeley,how-to,user manual},
pages = {1--16},
publisher = {Mendeley Ltd.},
title = {{Getting Started with Mendeley}},
url = {http://www.mendeley.com},
year = {2011}
}
@article{Thematique2010,
author = {Thematique, Rapport Public},
file = {:home/bhervy/.local/share/data/Mendeley Ltd./Mendeley Desktop/Downloaded/Thematique - 2010 - Les mus\'{e}es nationaux apr\`{e}s une d\'{e}cennie de transformations 2000 - 2010.pdf:pdf},
keywords = {Cour des comptes,mus\'{e}es,publication,rapport},
title = {{Les mus\'{e}es nationaux apr\`{e}s une d\'{e}cennie de transformations 2000 - 2010}},
year = {2010}
}
@article{Theodoulidis1994,
abstract = {Up to date there exists no commercially available Temporal Database Management System (TDBMS). Current information server technology addresses ‘time’ only to a limited extent, in the form of special purpose application programs. The ORES TDBMS, an ESPRIT project currently under development, is a system in which the success and adequacy of management of time related information is paramount. A major step towards achieving such an objective is the provision of a query language powerful enough to express queries, no matter how complex, and yet easy to use. ERT-SQL is such a language.},
address = {Berlin, Heidelberg},
author = {Theodoulidis, Babis and Ait-Braham, Aziz and Karvelis, George and Karagiannis, Dimitris},
doi = {10.1007/3-540-58435-8},
editor = {Karagiannis, Dimitris},
isbn = {978-3-540-58435-3},
journal = {Database and Expert Systems Applications},
keywords = {Computer Science},
pages = {270--279},
publisher = {Springer Berlin Heidelberg},
series = {Lecture Notes in Computer Science},
title = {{The ORES Temporal DBMS and the ERT-SQL query language}},
url = {http://www.springerlink.com/content/p831h10n86162172/},
volume = {856},
year = {1994}
}
@article{TOUZET2004,
author = {TOUZET, D},
journal = {\ldots . Technique et science informatiques},
title = {{Architectures pour l'ubiquit\'{e} num\'{e}rique}},
url = {http://cat.inist.fr/?aModele=afficheN\&amp;cpsidt=16178256},
year = {2004}
}
@techreport{Unesco2008,
abstract = {Gu\'{\i}a para la implementaci\'{o}n de la convenci\'{o}n del patrimonio mundial. es la base sobre la que se desarroll\'{o} todo el proyecto del patrimonio mundial cultural y natural.},
author = {UNESCO},
file = {:home/bhervy/.local/share/data/Mendeley Ltd./Mendeley Desktop/Downloaded/Centre - 2011 - Operational Guidelines for the Implementation of the World Heritage Convention.pdf:pdf},
institution = {United National Educational, Scientific ad Cultural Organisation, Intergovernmental Committee For the Protection of the World Cultural and Natural Heritage},
number = {January},
pages = {175},
publisher = {Unesco},
title = {{Operational Guidelines for the Implementation of the World Heritage Convention}},
url = {http://whc.unesco.org/en/guidelines/},
year = {2011}
}
@article{uschold1996ontologies,
author = {Uschold, M. and Gruninger, M.},
journal = {Knowledge engineering review},
number = {2},
pages = {93--136},
publisher = {Cambridge Univ Press},
title = {{Ontologies: Principles, methods and applications}},
url = {http://journals.cambridge.org/production/action/cjoGetFulltext?fulltextid=4071856},
volume = {11},
year = {1996}
}
@article{Web2009,
address = {Boston, MA},
author = {Web, The Semantic and Web, Semantic and Desktop, Semantic},
doi = {10.1007/978-1-4419-1219-0},
editor = {Deved\v{z}i\'{c}, Vladan and Ga\v{s}evic, Dragan},
file = {:home/bhervy/.local/share/data/Mendeley Ltd./Mendeley Desktop/Downloaded/Web, Web, Desktop - 2009 - Web 2.0 \& Semantic Web.pdf:pdf},
isbn = {978-1-4419-1218-3},
journal = {Information Systems},
pages = {135--160},
publisher = {Springer US},
series = {Annals of Information Systems},
title = {{Web 2.0 \& Semantic Web}},
url = {http://www.springerlink.com/index/10.1007/978-1-4419-1219-0},
volume = {6},
year = {2009}
}
@article{Wimmer1990,
author = {Wimmer, Manuel and Informatics, Business},
file = {:home/bhervy/.local/share/data/Mendeley Ltd./Mendeley Desktop/Downloaded/Wimmer, Informatics - 1990 - A Survey on Model Versioning Approaches.pdf:pdf},
journal = {Technology},
keywords = {collaboration,model engineering,paper type research paper,version control systems,versioning},
title = {{A Survey on Model Versioning Approaches *}},
year = {1990}
}
@inproceedings{Wuu,
abstract = {A temporal object-oriented model and query language that supports the modeling and manipulation of complex temporal or versioned objects is developed. The authors show that the approach not only provides a richer model than the relational for capturing the semantics of complex temporal objects, but also requires no special constructs in the query language. Consequently, the retrieval of temporal and non-temporal information is uniformly expressed. By allowing variables and quantifiers to range over time, can be formulated that require special operators in other languages. Temporal aggregation queries, which are not easily expressed in other models, are expressed using the same aggregation operators as for nontemporal data},
author = {Wuu, G.T.J. and Dayal, U.},
booktitle = {[1992] Eighth International Conference on Data Engineering},
doi = {10.1109/ICDE.1992.213150},
isbn = {0-8186-2545-7},
pages = {584--593},
publisher = {IEEE Comput. Soc. Press},
title = {{A uniform model for temporal object-oriented databases}},
url = {http://ieeexplore.ieee.org/xpl/freeabs\_all.jsp?arnumber=213150}
}
@article{Zacklad2003,
author = {Zacklad, M and Cahier, JP and P\'{e}tard, X},
journal = {Journ\'{e}e «Web S\'{e}mantique et SHS» du 7 mai  \ldots},
title = {{Du Web Cognitivement S\'{e}mantique au Web Socio-S\'{e}mantique}},
url = {http://scholar.google.fr/scholar?start=10\&q=web+s\'{e}mantique\&hl=fr\&as\_sdt=0,5\#0},
year = {2003}
}
@article{Zacklad2005,
abstract = {Dans cette communication, nous pr\'{e}sentons le positionnement du Web Socio S\'{e}mantique (W2S) par rapport au Web S\'{e}mantique (WS) et nous discutons en particulier la probl\'{e}matique de l'ing\'{e}nierie des ontologies s\'{e}miotiques. Pr\'{e}alablement nous introduisons un cadre th\'{e}orique pour l'analyse des activit\'{e}s collectives distribu\'{e}es, la th\'{e}orie des transactions communicationnelles. Apr\`{e}s avoir d\'{e}fini la notion de production s\'{e}miotique nous introduisons les strat\'{e}gies permettant une distribution spatio-socio-temporelle des transactions. Parmi ces strat\'{e}gies, nous \'{e}tudierons plus en d\'{e}tail la strat\'{e}gie de formalisation de l'expression qui permet de construire des ontologies s\'{e}miotiques dans les communaut\'{e}s distribu\'{e}es qui utilisent des Document pour l'Action (DopA) au sein du W2S. Nous pr\'{e}sentons diff\'{e}rents crit\`{e}res pour l'\'{e}tablissement des accords d\'{e}finitionnels dans la construction des ontologies issus des approches logique, contextuelle et situationnelle (ou pragmatique). En conclusion, nous proposons une hypoth\`{e}se expliquant l'effectivit\'{e} partielle du WS autrement que par le recours \`{a} une approche logique de la signification. Selon nous, si les syst\`{e}mes automatis\'{e}s sont efficaces dans les transactions ferm\'{e}es c'est parce qu'ils recourent \`{a} une formalit\'{e} machinale bas\'{e}e sur des conventions sociales qui ferment le potentiel s\'{e}miotique des signes par opposition \`{a} la formalit\'{e} s\'{e}miotique qui l'amplifie.},
author = {Zacklad, Manuel},
file = {:home/bhervy/.local/share/data/Mendeley Ltd./Mendeley Desktop/Downloaded/Zacklad - 2005 - Vers le Web Socio S\'{e}mantique introduction aux ontologies s\'{e}miotiques.pdf:pdf},
journal = {Ing\'{e}nierie des Connaissance 2005},
keywords = {Coop\'{e}ration,Document,Ontologie,Ontologie S\'{e}miotique,Transaction Communicationnelle,W2S,Web Socio S\'{e}mantique,Web S\'{e}mantique,ontologie,s\'{e}miotique,web socio-s\'{e}mantique,web s\'{e}mantique},
mendeley-tags = {ontologie,s\'{e}miotique,web socio-s\'{e}mantique,web s\'{e}mantique},
month = feb,
title = {{Vers le Web Socio S\'{e}mantique : introduction aux ontologies s\'{e}miotiques}},
url = {http://archivesic.ccsd.cnrs.fr/sic\_00001347},
year = {2005}
}
@inproceedings{Zacklad2007,
author = {Zacklad, Manuel and B\'{e}nel, Aur\'{e}lien and Zaher, L'H\'{e}di and Cahier, Jean-pierre and Zhou, Chao},
booktitle = {18eme journ\'{e}es francophones d'ing\'{e}nierie des connaissances},
editor = {{Francky Trichet}},
file = {:home/bhervy/.local/share/data/Mendeley Ltd./Mendeley Desktop/Downloaded/Zacklad, Cahier, B\'{e}nel - 2007 - Hypertopic une m\'{e}tas\'{e}miotique et un protocole pour le Web socio-s\'{e}mantique(2).pdf:pdf},
keywords = {Hypertopic,W2S},
mendeley-tags = {Hypertopic,W2S},
pages = {217--228},
publisher = {C\'{e}padu\`{e}s},
title = {{Hypertopic: une m\'{e}tas\'{e}miotique et un protocole pour le Web socio-s\'{e}mantique}},
url = {http://archivesic.ccsd.cnrs.fr/docs/00/18/07/93/PDF/zacklad-et-al-ic-2007.pdf},
year = {2007}
}
@article{Zacklad2010,
author = {Zacklad, Manuel and Giboin, Alain},
file = {:home/bhervy/.local/share/data/Mendeley Ltd./Mendeley Desktop/Downloaded/Zacklad, Giboin - 2010 - Syst\`{e}mes d’organisation des connaissances h\'{e}t\'{e}rog\`{e}nes pour les applications documentaires.pdf:pdf},
isbn = {9782746232334},
issn = {1279-5127},
journal = {Document num\'{e}rique},
keywords = {KOS},
language = {fr},
mendeley-tags = {KOS},
month = dec,
number = {2},
pages = {7--12},
publisher = {Lavoisier},
title = {{Syst\`{e}mes d’organisation des connaissances h\'{e}t\'{e}rog\`{e}nes pour les applications documentaires}},
url = {http://www.cairn.info/article.php?ID\_ARTICLE=DN\_132\_0007},
volume = {Vol. 13},
year = {2010}
}
@inproceedings{Zacklad2003a,
address = {Laval},
author = {Zacklad, Manuel and Lewkowicz, Myriam and Boujut, Jean-Fran\c{c}ois and Darses, Fran\c{c}oise and D\'{e}tienne, Fran\c{c}oise},
booktitle = {14\`{e}mes journ\'{e}es francophones d’Ing\'{e}nierie des Connaissances},
editor = {Dieng-Kuntz, Rose},
keywords = {Annotation,Conception,Coop\'{e}ration},
pages = {207--224},
publisher = {Presses Universitaires de Grenoble},
title = {{Formes et gestion des annotations num\'{e}riques collectives en in\'{e}gnierie collaborative}},
year = {2003}
}
@article{Zanin1997,
author = {Zanin, JP},
file = {:home/bhervy/.local/share/data/Mendeley Ltd./Mendeley Desktop/Downloaded/Zanin - 1997 - Cahier des charges fonctionnel.pdf:pdf},
title = {{Cahier des charges fonctionnel}},
url = {http://books.google.fr/books?hl=fr\&amp;lr=\&amp;id=IyiGykUT2nwC\&amp;oi=fnd\&amp;pg=PP1\&amp;dq=guide+cahier+des+charges+AFNOR\&amp;ots=GtBcOUZdSP\&amp;sig=MfojQcYP4yWNn-itXJoBDh7kadU},
year = {1997}
}
@article{,
file = {:home/bhervy/.local/share/data/Mendeley Ltd./Mendeley Desktop/Downloaded/Unknown - 2002 - Une repr\'{e}sentation \'{e}pisodique des connaissances pour l'assistance \`{a} la r\'{e}utilisation en CAO.pdf:pdf},
journal = {13th French Knowledge Engineering Workshop \ldots},
title = {{Une repr\'{e}sentation \'{e}pisodique des connaissances pour l'assistance \`{a} la r\'{e}utilisation en CAO}},
url = {http://liris.cnrs.fr/~pchampin/publis/ic2002.pdf},
year = {2002}
}
@article{,
file = {:home/bhervy/.local/share/data/Mendeley Ltd./Mendeley Desktop/Downloaded/Unknown - 2007 - Ecole Centrale de Nantes Universit\'{e} de Nantes.pdf:pdf},
journal = {Source},
title = {{Ecole Centrale de Nantes Universit\'{e} de Nantes}},
year = {2007}
}
@article{,
file = {:home/bhervy/.local/share/data/Mendeley Ltd./Mendeley Desktop/Downloaded/Unknown - 2004 - Rep\'{e}rage et exploitation d'\'{e}nonc\'{e}s d\'{e}finitoires en corpus pour l'aide \`{a} la construction d'ontologie.pdf:pdf},
journal = {Actes de TALN},
title = {{Rep\'{e}rage et exploitation d'\'{e}nonc\'{e}s d\'{e}finitoires en corpus pour l'aide \`{a} la construction d'ontologie}},
url = {http://www.lpl.univ-aix.fr/jep-taln04/proceed/actes/taln2004-Fez/Malaise-Zweigenbaum-etal.pdf},
year = {2004}
}
@article{,
file = {:home/bhervy/.local/share/data/Mendeley Ltd./Mendeley Desktop/Downloaded/Unknown - 2000 - Une ontologie pour \'{e}diter des sch\'{e}mas de description audiovisuels, extension pour l'inf\'{e}rence sur les descriptions.pdf:pdf},
journal = {Actes des journ\'{e}es francophones d'Ing\'{e}nierie des  \ldots},
title = {{Une ontologie pour \'{e}diter des sch\'{e}mas de description audiovisuels, extension pour l'inf\'{e}rence sur les descriptions}},
url = {http://www.irit.fr/IC2000/ACTES/DechillyIC00.pdf},
year = {2000}
}
@unpublished{,
file = {:home/bhervy/.local/share/data/Mendeley Ltd./Mendeley Desktop/Downloaded/Unknown - 2012 - httpnantilus.univ-nantes.frreponsportalsearcherprin.pdf:pdf},
isbn = {9782854284171},
pages = {2012},
title = {http://nantilus.univ-nantes.fr/repons/portal/searcher/prin...},
year = {2012}
}
@article{,
file = {:home/bhervy/.local/share/data/Mendeley Ltd./Mendeley Desktop/Downloaded/Unknown - 2002 - L’ing\'{e}nierie ontologique.pdf:pdf},
number = {02},
title = {{L’ing\'{e}nierie ontologique}},
year = {2002}
}
@article{,
file = {:home/bhervy/.local/share/data/Mendeley Ltd./Mendeley Desktop/Downloaded/Unknown - 2011 - Mus\'{e}ologie, mus\'{e}ographie et nouvelles formes d’adresse au public 2010 2011 S\'{e}minaire de recherche.pdf:pdf},
title = {{Mus\'{e}ologie, mus\'{e}ographie et nouvelles formes d’adresse au public 2010}},
year = {2011}
}
@misc{,
file = {:home/bhervy/.local/share/data/Mendeley Ltd./Mendeley Desktop/Downloaded/Unknown - Unknown - Courtillot\_Nantes.pdf.pdf:pdf},
title = {{Courtillot\_Nantes.pdf}}
}
@article{,
file = {:home/bhervy/.local/share/data/Mendeley Ltd./Mendeley Desktop/Downloaded/Unknown - 2010 - RESTITUTION DES PLANS-RELIEFS DATANT DU XIXe SIECLE.pdf:pdf},
journal = {Architecture},
pages = {1--69},
title = {{RESTITUTION DES PLANS-RELIEFS DATANT DU XIXe SIECLE}},
year = {2010}
}
@article{,
file = {:home/bhervy/.local/share/data/Mendeley Ltd./Mendeley Desktop/Downloaded/Unknown - 2007 - Philippe RAUFFET, Master SMA 2006-2007 10 octobre 2007.pdf:pdf},
title = {{Philippe RAUFFET, Master SMA 2006-2007 10 octobre 2007}},
year = {2007}
}
@misc{,
file = {:home/bhervy/.local/share/data/Mendeley Ltd./Mendeley Desktop/Downloaded/Unknown - Unknown - Hunter\_CRM\_MPG7.pdf.pdf:pdf},
title = {{Hunter\_CRM\_MPG7.pdf}}
}
@article{,
file = {:home/bhervy/.local/share/data/Mendeley Ltd./Mendeley Desktop/Downloaded/Unknown - 1995 - Towards a methodology for building ontologies.pdf:pdf},
journal = {Workshop on Basic Ontological Issues in  \ldots},
title = {{Towards a methodology for building ontologies}},
url = {http://129.215.202.23/~oplan/documents/1995/95-ont-ijcai95-ont-method.pdf},
year = {1995}
}
@misc{,
file = {:home/bhervy/.local/share/data/Mendeley Ltd./Mendeley Desktop/Downloaded/Unknown - Unknown - rahaman\_poster\_small.pdf.pdf:pdf},
title = {rahaman\_poster\_small.pdf}
}
@article{,
title = {{Nano-informatique et intelligence ambiante: inventer l'ordinateur du XXIe si\`{e}cle}},
url = {http://www.lavoisier.fr/livre/notice.asp?id=3LKWX3ARARXOWI},
year = {2007}
}
@article{,
title = {{Making Exhibitions, Brokering Meaning: Designing new connections across communities of practice}},
url = {http://shura.shu.ac.uk/523/},
year = {2009}
}
@article{,
file = {:home/bhervy/.local/share/data/Mendeley Ltd./Mendeley Desktop/Downloaded/Unknown - Unknown - No Title.pdf:pdf},
title = {{No Title}}
}
@article{,
title = {{Mobilit\'{e} et ubiquit\'{e} 2004: actes des premi\`{e}res journ\'{e}es francophones 1er 3 juin 2004 Nice, Antipolis}},
url = {http://www.lavoisier.fr/livre/notice.asp?id=3SAWK3ASXA2OWR},
year = {2005}
}
@article{,
file = {:home/bhervy/.local/share/data/Mendeley Ltd./Mendeley Desktop/Downloaded/Unknown - 2001 - Foraypr\'{e}sentation du 17 d\'{e}cembre 2001.pdf:pdf},
title = {{Foray/pr\'{e}sentation du 17 d\'{e}cembre 2001}},
year = {2001}
}
@article{,
file = {:home/bhervy/.local/share/data/Mendeley Ltd./Mendeley Desktop/Downloaded/Unknown - Unknown - Chapitre 1 Pr\'{e}server, conserver, enrichir tous les patrimoines.pdf:pdf},
title = {{Chapitre 1 Pr\'{e}server, conserver, enrichir tous les patrimoines}}
}
@article{,
file = {:home/bhervy/.local/share/data/Mendeley Ltd./Mendeley Desktop/Downloaded/Unknown - 2002 - Topic Maps et navigation intelligente sur le Web S\'{e}mantique.pdf:pdf},
journal = {AS CNRS Web S\'{e}mantique},
title = {{Topic Maps et navigation intelligente sur le Web S\'{e}mantique}},
url = {http://www-npa.lip6.fr/\_publications/516-B\_Le\_Grand\_M\_Soto\_WebSem.pdf},
year = {2002}
}
